@Article{Abraham1887,
  author  = {Abraham, Wilhelm},
  title   = {Review of {W}ilhelm {K}ämpf (1886), `{D}e pronominum personalium usu et collocatione apud poëtas scaenicos {R}omanorum'},
  journal = {Berliner philologische {W}ochenschrift},
  year    = {1887},
  volume  = {6},
  issue   = {9},
  pages   = {265--267},
  comment = {pdf},
}

@Book{Adams1994book,
  title     = {Wackernagel's law and the placement of the copula \emph{esse} in {C}lassical {L}atin},
  publisher = {Cambridge Philological Society},
  year      = {1994},
  author    = {Adams, James N.},
  address   = {Cambridge},
}

@Article{Adams1994pronouns,
  author  = {Adams, James N.},
  title   = {Wackernagel's law and the position of unstressed personal pronouns in {C}lassical {L}atin},
  journal = {Transactions of the Philological Society},
  year    = {1994},
  volume  = {92},
  issue   = {2},
  pages   = {103--178},
  comment = {pdf},
}

@Article{Ahrens1839,
  author  = {Ahrens, Heinrich Ludolf},
  title   = {Conjecturen zu {A}lcaeus, {S}appho, {C}orinna. {A}n {P}rofessor {S}chneidewin ({F}ortsetzung)},
  journal = {Rheinisches Museum für Philologie},
  year    = {1839},
  volume  = {6},
  pages   = {351--365},
  comment = {pdf},
}

@Book{Ahrens1843,
  series = {De graecae linguae dialectis},
  title     = {De dialecto dorica},
  publisher = {Vandenhoeck \& Ruprecht},
  year      = {1843},
  volume    = {2},
  author    = {Ahrens, Franz Heinrich Ludolf},
  address   = {Göttingen},
  comment   = {https://archive.org/details/degraccaelingua02ahregoog},
}

@Book{Ahrens1855,
  title     = {Bucolicum graecorum {T}heocriti, {B}ionis, {M}oschi reliquiae},
  publisher = {Teubner},
  year      = {1855},
  volume    = {1},
  author    = {Ahrens, Franz Heinrich Ludolf},
  address   = {Leipzig},
  comment   = {https://archive.org/details/bub\_gb\_596W\_HKjreQC},
}

@InCollection{Bach1891,
  author    = {Bach, Joseph},
  title     = {De usu pronominum demonstrativorum apud priscos scriptores {L}atinos},
  booktitle = {Studien auf dem {G}ebiete des archaischen {L}ateins},
  publisher = {Weidmann},
  year      = {1891},
  editor    = {Studemund, Wilhelm},
  address   = {Berlin},
  pages     = {145--415},
  volume    = {2},
  comment   = {partialpdf},
}

@Book{BaiterSauppe1850,
  title     = {Oratores {A}ttici: {S}cholia, fragmenta, indices},
  publisher = {Hoehr},
  year      = {1850},
  volume    = {2},
  editor    = {Baiter, Johann Georg and Sauppe, Hermann},
  address   = {Zürich},
  comment   = {https://books.google.de/books?id=a8RAAAAAcAAJ},
}

@Book{Bartholomae1886,
  title     = {Arische {F}orschungen},
  volume    = {2},
  publisher = {Max Niemeyer},
  year      = {1886},
  author    = {Bartholomae, Christian},
  address   = {Halle},
  comment   = {https://dlib.rsl.ru/viewer/01004456234#?page=1},
}

@Book{Bartholomae1887,
  title     = {Arische {F}orschungen},
  volume    = {3},
  publisher = {Max Niemeyer},
  year      = {1887},
  author    = {Bartholomae, Christian},
  address   = {Halle},
  comment   = {partialpdf},
}

@Article{Bartholomae1888,
  author  = {Bartholomae, Christian},
  title   = {Beiträge zur altiranischen {G}rammatik},
  journal = {Beiträge zur {K}unde der indogermanischen {S}prachen},
  year    = {1888},
  volume  = {13},
  pages   = {54--93},
  comment = {pdf},
}

@Article{Behaghel1878,
  author  = {Behaghel, Otto},
  title   = {Die neuhochdeutschen {Z}willingswörter},
  journal = {Germania},
  year    = {1878},
  volume  = {23},
  pages   = {257--292},
  comment = {pdf},
}

@Book{Bekker1823,
  series    = {Oratores attici},
  title     = {Demosthenes},
  publisher = {Clarendon},
  year      = {1823},
  volume    = {4, part 4},
  author    = {Bekker, Immanuel},
  address   = {Oxford},
  comment   = {https://archive.org/details/oratoresattici44bekk},
}

@Book{Bekker1833,
  title     = {Harpocration et {M}oeris},
  publisher = {Reimer},
  year      = {1833},
  author    = {Bekker, Immanuel},
  address   = {Berlin},
  comment   = {http://mdz-nbn-resolving.de/urn:nbn:de:bvb:12-bsb10236035-6},
}

@Book{Benfey1852,
  title     = {Vollständige {G}rammatik der {S}anskritsprache},
  publisher = {Brockhaus},
  year      = {1852},
  author    = {Benfey, Theodor},
  address   = {Leipzig},
  comment   = {http://mdz-nbn-resolving.de/urn:nbn:de:bvb:12-bsb10704910-0},
}

@Article{Bergaigne1877,
  author  = {Bergaigne, Abel},
  title   = {Essai sur la construction grammaticale considérée dans son développement historique, en sanskrit, en grec, en latin, dans les langues romanes et dans les langues germaniques (sections {III}--{VII})},
  journal = {Mémoires de la {S}ociété linguistique de {P}aris},
  year    = {1877},
  volume  = {3},
  pages   = {169--186},
  comment = {pdf},
}

@Book{Bergk1854,
  title     = {Anthologia lyrica},
  publisher = {Teubner},
  year      = {1854},
  author    = {Bergk, Theodor},
  edition   = {1},
  address   = {Leipzig},
  comment   = {https://archive.org/details/anthologialyric00unkngoog},
}

@Book{Bergk1866,
  series = {Poetae lyrici {G}raeci},
  title     = {Pindari carmina continens},
  publisher = {Teubner},
  year      = {1866},
  author    = {Bergk, Theodor},
  edition   = {3},
  volume    = {2},
  address   = {Leipzig},
  comment   = {https://books.google.de/books?id=fQ0lAAAAMAAJ},
}

@Book{Bergk1882,
  series = {Poetae lyrici {G}raeci},
  title     = {Poetas melicos continens},
  publisher = {Teubner},
  year      = {1882},
  author    = {Bergk, Theodor},
  edition   = {4},
  volume    = {3},
  address   = {Leipzig},
  comment   = {https://archive.org/details/poetaelyricigrae03berguoft},
}

@Book{Blass1877,
  series  = {Die attische {B}eredsamkeit},
  title     = {Demosthenes},
  publisher = {Teubner},
  year      = {1877},
  volume    = {3, part 1},
  author    = {Blass, Friedrich},
  address   = {Leipzig},
  comment   = {not found},
}

@Book{Blass1880,
  series  = {Die attische {B}eredsamkeit},
  title     = {Demosthenes' {G}enossen und {G}egner},
  publisher = {Teubner},
  year      = {1880},
  volume    = {3, part 2},
  author    = {Blass, Friedrich},
  address   = {Leipzig},
  comment   = {https://archive.org/details/a2dieattischeber03blasuoft},
}

@InCollection{Blass1888,
  author    = {Blass, Friedrich},
  title     = {Die {I}nschriften von {K}orinthos, {K}leonai, {S}ikyon, {P}hleius und den korinthischen {C}olonieen},
  booktitle = {Sammlung der griechischen {D}ialekt-{I}nschriften},
  publisher = {Vandenhoeck \& Ruprecht},
  year      = {1888},
  editor    = {Collitz, Hermann and Bechtel, Fritz},
  address   = {Göttingen},
  pages     = {60--115},
  volume    = {3},
  comment   = {pdf},
}

@Book{Blomfield1815,
  title     = {Callimachi quae supersunt},
  publisher = {J. Mawman},
  year      = {1815},
  author    = {Blomfield, Charles James},
  address   = {London},
  comment   = {https://archive.org/details/callimachiquaesu00calluoft},
}

@Book{Boeckh1828,
  series = {Corpus {I}nscriptionum {G}raecarum},
  title     = {Pars {I}--{VI}},
  publisher = {Reimer},
  year      = {1828},
  volume    = {1},
  author    = {Boeckh, August},
  address   = {Berlin},
  comment   = {https://books.google.de/books?id=zo9CAAAAcAAJ},
}

@Book{Boeckh1843,
  series = {Corpus {I}nscriptionum {G}raecarum},
  title     = {Pars {VII}--{XVI}},
  publisher = {Reimer},
  year      = {1843},
  volume    = {2},
  author    = {Boeckh, August},
  address   = {Berlin},
  comment   = {https://books.google.de/books?id=B4dSAAAAcAAJ},
}

@Book{BoehtlingkRoth1855,
  title     = {Sanskrit-{W}örterbuch},
  publisher = {Kaiserliche Akademie der Wissenschaften},
  year      = {1855--1875},
  author    = {Böhtlingk, Otto von and Roth, Rudolph},
  address   = {St. Petersburg},
  note      = {7 volumes},
  comment   = {https://www.sanskrit-lexicon.uni-koeln.de/scans/PWGScan/2013/web/index.php},
}

@Book{Bonitz1870,
  title     = {Index Aristotelicus},
  publisher = {Reimer},
  year      = {1870},
  author    = {Bonitz, Hermann},
  address   = {Berlin},
  comment   = {https://books.google.de/books?id=g5hDAAAAcAAJ},
}

@Book{BrixNiemeyer1888,
  series = {Ausgewählte {K}omödien des {T}. {M}accius {P}lautus für den {S}chulgebrauch},
  title     = {Trinummus},
  edition   = {4},
  volume    = {1},
  publisher = {Teubner},
  year      = {1888},
  author    = {Brix, Julius and Niemeyer, Max},
  address   = {Leipzig},
  comment   = {https://archive.org/details/ausgewhltekomdi02plaugoog},
}

@Article{Brugman1877,
  author  = {Brugman, Oscar},
  title   = {Absque},
  journal = {Rheinisches Museum für Philologie},
  year    = {1877},
  volume  = {32},
  pages   = {485--487},
  comment = {pdf},
}

@Book{Brugmann1890,
  series    = {Grundriss der vergleichenden {G}rammatik der indogermanischen {S}prachen},
  volume    = {2},
  title     = {Wortbildungslehre},
  publisher = {Karl J. Trübner},
  year      = {1890},
  author    = {Brugmann, Karl},
  address   = {Strasbourg},
  comment   = {https://archive.org/details/grundrissderver05delbgoog},
}

@Book{Brunck1776,
  title     = {Analecta veterum poetarum graecorum},
  publisher = {Bibliopolium Academicum},
  year      = {1776},
  author    = {Brunck, Richard Franz Philipp},
  address   = {Argentori},
  comment   = {https://archive.org/details/in.ernet.dli.2015.462561},
}

@Book{Cauer1883,
 title = {Delectus inscriptionum {G}raecarum propter dialectum memorabilium},
 year = {1883},
 edition = {2},
 author = {Cauer, Paul},
 publisher = {Hirzel},
 address = {Leipzig},
 comment = {https://archive.org/details/delectusinscrip01cauegoog},
}

@InCollection{Christ1891,
  author    = {Christ, Wilhelm von},
  title     = {Zum {D}ialekte {P}indars},
  booktitle = {Philologische {K}leinigkeiten der {XLI}. {V}ersammlung deutscher {P}hilologen und {S}chulmänner},
  year      = {1891},
  editor    = {Christ, Wilhelm von and Oehmingen, Gustav},
  address   = {Munich},
  pages     = {1--62},
  comment   = {pdf},
}

@InCollection{Deecke1884,
  author    = {Deecke, Wilhelm},
  title     = {Die griechisch-kyprischen {I}nschriften in epichorischer {S}chrift},
  booktitle = {Sammlung der griechischen {D}ialekt-{I}nschriften},
  publisher = {Vandenhoeck \& Ruprecht},
  year      = {1884},
  editor    = {Collitz, Hermann},
  address   = {Göttingen},
  pages     = {1--80},
  volume    = {1},
  comment   = {pdf},
}

@Book{Delbrueck1878,
  title     = {Die altindische {W}ortfolge aus dem {C̣}atapathabrāhmaṇa},
  volume    = {3},
  series    = {Syntaktische {F}orschungen},
  publisher = {Verlag der Buchhandlung des Waisenhauses},
  year      = {1878},
  author    = {Delbrück, Berthold},
  address   = {Halle},
  comment   = {https://archive.org/details/syntaktischefor06windgoog},
}

@Book{Delbrueck1888,
  title     = {Altindische {S}yntax},
  volume    = {5},
  series    = {Syntaktische {F}orschungen},
  publisher = {Verlag der Buchhandlung des Waisenhauses},
  year      = {1888},
  author    = {Delbrück, Berthold},
  address   = {Halle},
  comment   = {https://archive.org/details/syntaktischefor03windgoog},
}

@Article{Despic2017,
  author  = {Despić, Miloje},
  title   = {Suspended morphology in {S}erbian: clitics vs. affixes},
  journal = {Glossa},
  year    = {2017},
  volume  = {2},
  issue   = {1.12},
  pages   = {1--43},
  comment = {pdf},
}

@Book{Dindorf1882,
  title     = {Sophocles},
  publisher = {Harper},
  year      = {1882},
  author    = {Dindorf, Wilhelm},
  address   = {New York},
  comment   = {https://archive.org/details/sophocles00dindgoog},
}

@Book{DindorfBlass1887,
  series = {Demosthenis {O}rationes},
  title     = {Orationes {XVIII}--{XIX}},
  publisher = {Teubner},
  year      = {1887},
  volume    = {1, part 2},
  edition   = {4},
  author    = {Dindorf, Wilhelm and Blass, Friedrich},
  address   = {Leipzig},
  comment   = {https://archive.org/details/demosthenisorat02blasgoog},
}

@Book{DindorfBlass1888,
  series = {Demosthenis {O}rationes},
  title     = {Orationes {XX}--{XL}},
  publisher = {Teubner},
  year      = {1888},
  volume    = {2},
  edition   = {4},
  author    = {Dindorf, Wilhelm and Blass, Friedrich},
  address   = {Leipzig},
  comment   = {https://archive.org/details/demosthenisorat03blasgoog},
}

@Book{DindorfBlass1892,
  series = {Demosthenis {O}rationes},
  title     = {Orationes {XLI}--{LXI}, prooemia, epistulae, index historicus},
  publisher = {Teubner},
  year      = {1892},
  volume    = {3},
  edition   = {4},
  author    = {Dindorf, Wilhelm and Blass, Friedrich},
  address   = {Leipzig},
  comment   = {https://archive.org/details/demosthenisorat01blasgoog},
}

@Book{Dittenberger1883,
 title = {Sylloge inscriptionum graecarum},
 year = {1883},
 author = {Dittenberger, Wilhelm},
 publisher = {Hirzel},
 address = {Leipzig},
 comment = {https://archive.org/details/syllogeinscript03dittgoog},
}

@Book{Ebeling,
 title = {Lexicon {H}omericum},
 year = {1880--1885},
 editor = {Ebeling, Heinrich},
 publisher = {Weidmann},
 address = {Stuttgart},
 note = {2 volumes},
 comment = {https://archive.org/details/lexiconhomericum01ebeluoft is vol 1},
}

@InCollection{Eberhard1885,
  author    = {Eberhard, Eugen},
  title     = {κε},
  series = {Lexicon {H}omericum},
  booktitle = {Α--Ξ},
  publisher = {Weidmann},
  year      = {1885},
  editor    = {Ebeling, Heinrich},
  address   = {Berlin},
  pages     = {691--735},
  volume    = {1},
  comment   = {pdf},
}

@Article{Elmsley1812,
  author  = {Elmsley, Peter},
  title   = {Review of {J}eremiah {M}arkland (1811), `{E}uripides {S}upplices' \&c.},
  journal = {The Quarterly Review},
  year    = {1812},
  volume  = {7},
  issue   = {14},
  pages   = {441--464},
  comment = {pdf},
}

@Book{Elmsley1821,
 title = {Euripidis {H}eraclidae},
 year = {1821},
 author = {Elmsley, Peter},
 publisher = {Hartmann},
 address = {Leipzig},
 comment = {https://archive.org/details/euripidouhrakle01elmsgoog},
}

@Book{Erdmann1886,
 title = {Grundzüge der deutschen {S}yntax nach ihrer geschichtlichen {E}ntwicklung},
 year = {1886},
 volume = {1},
 author = {Erdmann, Oskar},
 publisher = {Cotta'schen Buchhandlung},
 address = {Stuttgart},
 comment = {https://archive.org/details/grundzgederdeu01erdmuoft},
}

@Book{Fick1886,
  title     = {Die homerische {I}lias nach ihrer {E}ntstehung betrachtet und in der ursprünglichen {S}prachform wiederhergestellt},
  publisher = {Vandenhoeck \& Ruprecht},
  year      = {1831},
  author    = {Fick, August},
  address   = {Göttingen},
  comment   = {https://archive.org/details/diehomerischeili00homeuoft},
}

@Article{Foucart1889,
  author  = {Foucart, Paul-François},
  title   = {Inscriptions de l'acropole},
  journal = {Bulletin de correspondance hellénique},
  year    = {1889},
  volume  = {13},
  pages   = {156--178},
  comment = {pdf},
}

@Book{FritzscheHiller1881,
  title     = {Theokrits {G}edichte},
  publisher = {Teubner},
  year      = {1890},
  author    = {Fritzsche, Hermann and Hiller, Eduard},
  edition   = {3},
  address   = {Leipzig},
  comment   = {https://archive.org/details/theokritsgedicht01theo},
}

@InCollection{Gardner1886,
  author    = {Gardner, Ernest A.},
  title     = {The inscriptions},
  booktitle = {Naukratis},
  publisher = {Trübner},
  year      = {1886},
  editor    = {Petrie, William Matthew Flinders},
  address   = {London},
  pages     = {54--63},
  volume    = {1},
  comment   = {pdf},
}

@Book{Gardner1888,
  title     = {Naukratis},
  publisher = {Trübner},
  year      = {1888},
  author    = {Gardner, Ernest A.},
  address   = {London},
  volume    = {2},
  comment   = {http://digi.ub.uni-heidelberg.de/diglit/gardner1888/0003},
}

@Book{Gehring1891,
  title     = {Index {H}omericus},
  publisher = {Teubner},
  year      = {1891},
  author    = {Gehring, August},
  address   = {Leipzig},
  comment   = {https://archive.org/details/indexhomericus02gehrgoog},
}

@Book{Gerhard1847,
  series = {Auserlesene griechische {V}asenbilder, hauptsächlich etruskischen {F}undorts},
  title     = {Heroenbilder, meistens homerisch},
  publisher = {Reimer},
  year      = {1847},
  volume    = {3},
  editor    = {Gerhard, Eduard},
  address   = {Berlin},
  comment   = {https://digi.ub.uni-heidelberg.de/diglit/gerhard1847bd3/0005},
}

@Article{Goetz1876,
  author  = {Götz, Georg},
  title   = {Dittographien im {P}lautustexte nebst methodischen {F}olgerungen: eine kritische {U}ntersuchung},
  journal = {Acta societatis philologae Lipsiensis},
  year    = {1876},
  volume  = {6},
  pages   = {233--328},
  comment = {http://mdz-nbn-resolving.de/urn:nbn:de:bvb:12-bsb11337370-0},
}

@Book{Goetz1878,
  title     = {T. {M}acci {P}lauti {E}pidicus},
  publisher = {Teubner},
  year      = {1878},
  author    = {Götz, Georg},
  address   = {Leipzig},
  comment   = {https://archive.org/details/comoediaerecens01plau/page/n271},
}

@Article{Gomperz1890,
  author  = {Gomperz, Theodor},
  title   = {Die {A}pologie der {H}eilkunst: eine griechische {S}ophistenrede des 5. vorchristlichen {J}ahrhunderts},
  journal = {Sitzungsberichte der philosophisch-historischen Classe der Kaiserlichen Akademie der Wissenschaften},
  year    = {1890},
  volume  = {120},
  issue   = {9},
  pages   = {1--196},
  comment = {pdf},
}

@Book{Grassmann1873,
  title     = {Wörterbuch zum {R}ig-{V}eda},
  publisher = {Brockhaus},
  year      = {1873},
  author    = {Grassmann, Hermann},
  address   = {Leipzig},
  comment   = {http://mdz-nbn-resolving.de/urn:nbn:de:bvb:12-bsb11159221-2},
}

@Book{Graux1886,
  title     = {Textes grecs},
  series    = {Oeuvres de {C}harles {G}raux},
  publisher = {Vieweg},
  volume    = {2},
  year      = {1886},
  author    = {Graux, Charles},
  address   = {Paris},
  comment   = {https://archive.org/details/lestextesgrecsau00grauuoft},
}

@Book{Hand1845,
  title     = {Tursellinus, seu de particulis Latinis commentarii},
  publisher = {Weidmann},
  volume    = {4},
  year      = {1845},
  author    = {Hand, Ferdinand Gotthelf},
  address   = {Leipzig},
  comment   = {https://archive.org/details/tursellinuslbdep04handuoft},
}

@Article{Haussoullier1882,
  author  = {Haussoullier, Bernard},
  title   = {Inscriptions de {D}elphes},
  journal = {Bulletin de correspondance hellénique},
  year    = {1882},
  volume  = {6},
  issue   = {1},
  pages   = {445--466},
  comment = {pdf},
}

@Book{Hecker1852,
  title     = {Commentationis criticae de {A}nthologia graeca},
  volume    = {1},
  publisher = {Brill},
  year      = {1852},
  author    = {Hecker, Alphons},
  address   = {Leiden},
  comment   = {https://archive.org/details/commentationiscr00heckuoft},
}

@Book{Heimreich1884,
  title     = {Kritische {B}eiträge zur {W}ürdigung der alten {S}ophokles\-scholien},
  publisher = {Hirt},
  year      = {1884},
  author    = {Heimreich, Christian},
  address   = {Ploen},
  comment   = {https://archive.org/details/kritischebeitrge00heim},
}

@Book{Hermann1816,
  title     = {Elementa doctrinae metrica},
  publisher = {Fleischer},
  year      = {1816},
  author    = {Hermann, Gottfried},
  address   = {Leipzig},
  comment   = {https://archive.org/details/godofredihermann00herm},
}

@Book{Hermann1817,
  title     = {Theocritus, Bion et Moschus},
  publisher = {Weigel},
  year      = {1817},
  author    = {Hermann, Gottfried},
  address   = {Leipzig},
  comment   = {http://mdz-nbn-resolving.de/urn:nbn:de:bvb:12-bsb10234277-8},
}

@Book{Hermann1831,
  title     = {Opuscula},
  volume    = {4},
  publisher = {Fleischer},
  year      = {1831},
  author    = {Hermann, Gottfried},
  address   = {Leipzig},
  comment   = {https://archive.org/details/bub\_gb\_5DcTAAAAQAAJ},
}

@Article{Herwerden1878,
  author  = {Herwerden, Henrik van},
  title   = {Observationes criticae, {I}. in {H}omerum, {II}. in {X}enophontis {C}yropaediam},
  journal = {Revue de philologie, de littérature et d'histoire anciennes},
  year    = {1878},
  volume  = {2},
  pages   = {195--203},
  comment = {pdf},
}

@Book{Herwerden1880,
  title     = {Lapidum de dialecto {A}ttica testimonia},
  publisher = {Beijers},
  year      = {1880},
  author    = {Herwerden, Henrik van},
  address   = {Utrecht},
  comment   = {https://archive.org/details/lapidumdedialec01herwgoog},
}

@Book{Hiller1890,
  title     = {Anthologia lyrica},
  publisher = {Teubner},
  year      = {1890},
  author    = {Hiller, Eduard},
  edition   = {4},
  address   = {Leipzig},
  comment   = {https://archive.org/details/anthologialyric02berggoog},
}

@InCollection{Hoffmann1890,
  author    = {Hoffmann, Otto},
  title     = {Die {O}rakelinschriften aus {D}odona},
  booktitle = {Sammlung der griechischen {D}ialekt-{I}nschriften},
  publisher = {Vandenhoeck \& Ruprecht},
  year      = {1890},
  editor    = {Collitz, Hermann and Bechtel, Fritz},
  address   = {Göttingen},
  pages     = {91--132},
  volume    = {2},
  comment   = {pdf},
}

@Book{Hoffmann1891,
  title     = {Die griechischen {D}ialekte in ihrem historischen {Z}usammenhange, mit den wichtigsten ihrer {Q}uellen},
  publisher = {Vandenhoeck \& Ruprecht},
  year      = {1891},
  author    = {Hoffmann, Otto},
  address   = {Göttingen},
  volume    = {1},
  comment   = {https://archive.org/details/diegriechischen05hoffgoog},
}

@Article{Homolle1888,
  author  = {Homolle, Théophile},
  title   = {Sur une base de statue portant une signature d'artiste et décorée de reliefs},
  journal = {Bulletin de correspondance hellénique},
  year    = {1888},
  volume  = {12},
  pages   = {463--479},
  comment = {pdf},
}

@Book{Jacobi1886,
  title     = {Ausgewählte {E}rzählungen in {M}âhârâshṭrî zur {E}inführung in das {S}tudium vom {P}râkṛiṭ},
  publisher = {Hirzel},
  year      = {1886},
  author    = {Jacobi, Hermann},
  address   = {Leipzig},
  comment   = {https://archive.org/details/ausgewhlteerzhlu00jaco},
}

@Article{Jamot1889,
  author  = {Jamot, Paul},
  title   = {Inscriptions d'{A}rgolide},
  journal = {Bulletin de correspondance hellénique},
  year    = {1889},
  volume  = {13},
  pages   = {185--200},
  comment = {pdf},
}

@Book{Jebb1889,
  series = {Sophocles: the plays and fragments},
  title     = {The {O}edipus {C}oloneus},
  publisher = {Cambridge University Press},
  year      = {1889},
  volume    = {2},
  edition   = {2},
  author    = {Jebb, Richard C.},
  address   = {Cambridge},
  comment   = {pdf},
}

@Article{Kaempf1886,
  author  = {Kämpf, Wilhelm},
  title   = {De pronominum personalium usu et collocatione apud poëtas
scaenicos {R}omanorum},
  journal = {Berliner Studien für classische Philologie und Archaeologie},
  year    = {1886},
  volume  = {3},
  issue   = {2},
  pages   = {1--48},
  comment = {pdf},
}

@Book{Kaibel1878,
  title     = {Epigrammata graeca ex lapidibus conlecta},
  publisher = {Reimer},
  year      = {1878},
  author    = {Kaibel, Georg},
  address   = {Berlin},
  comment   = {https://archive.org/details/epigrammatagraec00kaibuoft},
}

@Book{Kaibel1890,
  title     = {Inscriptiones graecae siciliae et italiae},
  publisher = {Reimer},
  year      = {1890},
  author    = {Kaibel, Georg and Lebègue, Albert},
  address   = {Berlin},
  comment   = {https://archive.org/details/bub\_gb\_WNFOCQoUpq4C},
}

@Article{Kabbadias1886,
  author  = {Kabbadias, Panagiōtēs},
  title   = {Anaskaphai en tē Akropolei},
  journal = {Archaiologike Ephemeris},
  year    = {1886},
  volume  = {1886},
  issue   = {2},
  pages   = {73--82},
  comment = {pdf},
}

@InCollection{Kellerhoff1891,
  author    = {Kellerhoff, Eduard},
  title     = {De collocatione verborum {P}lautina quaestiones selectae},
  booktitle = {Studien auf dem {G}ebiete des archaischen {L}ateins},
  publisher = {Weidmann},
  year      = {1891},
  editor    = {Studemund, Wilhelm},
  address   = {Berlin},
  pages     = {47--84},
  volume    = {2},
  comment   = {pdf},
}

@Book{Kenyon1891,
  title     = {Aristotle on the constitution of {A}thens},
  publisher = {Clarendon},
  year      = {1891},
  edition   = {2},
  author    = {Kenyon, Frederic George},
  address   = {Oxford},
  comment   = {https://archive.org/details/cu31924026674253},
}

@Book{Kirchhoff1887,
  title     = {Studien zur {G}eschichte des griechischen {A}lphabets},
  publisher = {Bertelsmann},
  year      = {1887},
  edition   = {4},
  author    = {Kirchhoff, Adolf},
  address   = {Gütersloh},
  comment   = {https://sammlungen.ulb.uni-muenster.de/hd/content/titleinfo/2429871},
}

@Book{Klein1887,
  title     = {Die griechischen {V}asen mit {M}eistersignaturen},
  publisher = {Gerold},
  year      = {1887},
  author    = {Klein, Wilhelm},
  edition   = {2},
  address   = {Leipzig},
  comment   = {https://archive.org/details/diegriechischen00kleigoog},
}

@Book{Klein1890,
  title     = {Die griechischen {V}asen mit {L}ieblingsinschriften},
  publisher = {Tempsky},
  year      = {1890},
  author    = {Klein, Wilhelm},
  edition   = {1},
  address   = {Vienna},
  comment   = {https://digi.ub.uni-heidelberg.de/diglit/klein1890/},
}

@Article{Kluge1883,
  author  = {Kluge, Friedrich},
  title   = {Zur altgermanischen {S}prachgeschichte},
  journal = {Zeitschrift für vergleichende {S}prachforschung auf dem {G}ebiete der indogermanischen {S}prachen},
  year    = {1883},
  volume  = {26},
  issue   = {1},
  pages   = {68--103},
  comment = {pdf},
}

@Book{Kock1864,
  series = {Ausgewählte {K}omödien des {A}ristophanes},
  title     = {Die {V}ögel},
  publisher = {Weidmann},
  year      = {1864},
  volume    = {4},
  author    = {Kock, Theodor},
  address   = {Berlin},
  comment   = {https://books.google.de/books?id=Hx9JAQAAMAAJ},
}

@Book{Kock1880,
  series = {Comicorum atticorum fragmenta},
  title     = {Antiquae comoediae fragmenta},
  publisher = {Teubner},
  year      = {1880},
  volume    = {1},
  author    = {Kock, Theodor},
  address   = {Leipzig},
  comment   = {https://archive.org/details/comicorumatticor01kockuoft},
}

@Book{Kock1884,
  series = {Comicorum atticorum fragmenta},
  title     = {Novae comoediae fragmenta, pars {I}},
  publisher = {Teubner},
  year      = {1884},
  volume    = {2},
  author    = {Kock, Theodor},
  address   = {Leipzig},
  comment   = {https://archive.org/details/comicorumatticor02kockuoft},
}

@Book{Kock1888,
  series = {Comicorum atticorum fragmenta},
  title     = {Novae comoediae fragmenta, pars {II}},
  publisher = {Teubner},
  year      = {1888},
  volume    = {3},
  author    = {Kock, Theodor},
  address   = {Leipzig},
  comment   = {https://archive.org/details/comicorumatticor03kockuoft},
}

@Book{Koehler1877,
  title     = {Inscriptiones {A}tticae aetatis quae est inter {E}uclidis annum et {A}ugusti tempora},
  publisher = {Reimer},
  year      = {1877},
  author    = {Köhler, Ulrich},
  address   = {Berlin},
  volume    = {2},
  series    = {Corpus inscriptionum atticarum ({CIA})},
  note      = {Part 1},
  comment   = {https://babel.hathitrust.org/cgi/pt?id=umn.31951p00098768v;view=1up;seq=11},
}

@Book{Koehler1888,
  title     = {Inscriptiones {A}tticae aetatis quae est inter {E}uclidis annum et {A}ugusti tempora},
  publisher = {Reimer},
  year      = {1888},
  author    = {Köhler, Ulrich},
  address   = {Berlin},
  volume    = {3},
  series    = {Corpus inscriptionum atticarum ({CIA})},
  note      = {Part 3: \emph{dedicationes, tituli honorarii, statuarum subscriptiones, tituli artificum, tituli sacri, inscriptiones ararum, oracula, similia, tituli sepulcrales}},
  comment   = {https://archive.org/details/bub\_gb\_7axDAQAAMAAJ},
}

@Article{Kretschmer1891,
  author  = {Kretschmer, Paul},
  title   = {Epigraphische {B}emerkungen},
  journal = {Hermes},
  year    = {1891},
  volume  = {26},
  issue   = {1},
  pages   = {118--127},
  comment = {pdf},
}

@Article{Kretschmer1892,
  author  = {Kretschmer, Paul},
  title   = {Indogermanische accent- und lautstudien},
  journal = {Zeitschrift für vergleichende Sprachforschung auf dem Gebiete der Indogermanischen Sprachen},
  year    = {1892},
  volume  = {31},
  issue   = {3},
  pages   = {325--472},
  comment = {pdf},
}

@Book{Krueger1871,
  series = {Griechische {S}prachlehre für {S}chulen},
  title     = {Ueber die {D}ialekte: {P}oetisch-dialektische {S}yntax},
  publisher = {K. W. Krüger},
  year      = {1871},
  edition   = {5},
  volume    = {2, part 2},
  author    = {Krüger, Karl Wilhelm},
  address   = {Berlin},
  comment   = {http://www.archive.org/stream/griechischesprac00krge, second half},
}

@Book{Kruschwitz2004,
  title     = {Römische {I}nschriften und {W}ackernagels {G}esetz: {U}ntersuchungen zur {S}yntax epigraphischer {T}exte aus republikanischer {Z}eit},
  publisher = {Carl Winter},
  year      = {2004},
  author    = {Kruschwitz, Peter},
  address   = {Heidelberg},
}

@Book{Kuehner1869,
  title     = {Ausführliche {G}rammatik der griechischen {S}prache},
  publisher = {Hahnsche Hofbuchhandlung},
  year      = {1869},
  volume    = {1, part 1},
  edition   = {2},
  author    = {Kühner, Raphael},
  address   = {Hanover},
  comment   = {https://archive.org/details/ausfhrlichegram04khgoog},
}

@Book{Kuehner1870,
  title     = {Ausführliche {G}rammatik der griechischen {S}prache},
  publisher = {Hahnsche Hofbuchhandlung},
  year      = {1870},
  volume    = {2, part 1},
  edition   = {2},
  author    = {Kühner, Raphael},
  address   = {Hanover},
  comment   = {https://books.google.de/books?id=mn52wpm1riMC},
}
@Book{Kurschat1876,
  title     = {Grammatik der littauischen {S}prache},
  publisher = {Buchhandlung des Waisenhauses},
  year      = {1876},
  author    = {Kurschat, Friedrich},
  address   = {Halle},
  comment   = {https://archive.org/details/grammatikderlit00kursgoog},
}

@Article{Langen1857,
  author  = {Langen, Peter},
  title   = {De execrandi formulis {P}lautinis {T}erentianisque observatio grammatica},
  journal = {Rheinisches Museum für Philologie},
  year    = {1857},
  volume  = {12},
  pages   = {426--433},
  comment = {pdf},
}

@Book{Lassen1837,
  title     = {Institutiones linguæ pracriticæ},
  publisher = {Black \& Armstrong},
  year      = {1837},
  author    = {Lassen, Christian},
  address   = {London},
  comment   = {https://books.google.de/books?id=2TtNAAAAcAAJ},
}

@Book{Littre1839,
  title     = {Oeuvres complètes d'{H}ippocrate},
  publisher = {Baillière},
  year      = {1839},
  volume    = {1},
  author    = {Littré, Émile},
  address   = {Paris},
  comment   = {https://archive.org/details/oeuvrescomplte01hippuoft},
}

@Book{Lobeck1829,
  title     = {Aglaophamus, sive, {D}e theologiae mysticae {G}raecorum causis libri tres},
  publisher = {Borntraeger},
  year      = {1829},
  author    = {Lobeck, Christian August},
  address   = {Königsberg},
  comment   = {https://archive.org/details/aglaophamussive02lobegoog},
}

@Book{Lobeck1835,
  title     = {Sophoclis {A}iax},
  publisher = {Weidmann},
  year      = {1835},
  author    = {Lobeck, Christian August},
  address   = {Leipzig},
  edition   = {2},
  comment   = {http://mdz-nbn-resolving.de/urn:nbn:de:bvb:12-bsb10234118-7},
}

@Book{Loewy1885,
  title     = {Inschriften griechischer {B}ildhauer mit {F}acsimiles},
  publisher = {Teubner},
  year      = {1885},
  author    = {Loewy, Emanuel},
  address   = {Leipzig},
  comment   = {https://archive.org/details/inschriftengrie00loewgoog},
}

@Book{Lorenz1864,
  title     = {Leben und {S}chriften des {K}oers {E}picharmos: nebst einer {F}ragmentensammlung},
  publisher = {Weidmann},
  year      = {1864},
  author    = {Lorenz, August Otto Friedrich},
  address   = {Berlin},
  comment   = {https://archive.org/details/lebenundschrift01loregoog},
}

@Book{Lorenz1883,
  series = {Ausgewählte {K}omödien des {T}. {M}accius {P}lautus für den {S}chulgebrauch},
  title     = {Mostellaria},
  edition   = {2},
  volume    = {2},
  publisher = {Teubner},
  year      = {1883},
  author    = {Lorenz, August Otto Friedrich},
  address   = {Leipzig},
  comment   = {https://archive.org/details/ausgewhltekomdi04plaugoog},
}

@Book{Lorenz1886,
  series = {Ausgewählte {K}omödien des {T}. {M}accius {P}lautus für den {S}chulgebrauch},
  title     = {Miles gloriosus},
  edition   = {2},
  volume    = {3},
  publisher = {Teubner},
  year      = {1883},
  author    = {Lorenz, August Otto Friedrich},
  address   = {Leipzig},
  comment   = {https://archive.org/details/ausgewhltekomdi03plaugoog},
}

@Book{Madvig1839,
  title     = {M. {T}ullii {C}iceronis, {D}e finibus bonorum et malorum libri quinque},
  publisher = {Impensis Librariae Gyldendalianae},
  year      = {1839},
  author    = {Madvig, Johan Nikolai},
  address   = {Lund},
  comment   = {https://archive.org/details/mtulliciceronis01madvgoog/page/n7},
}

@Book{Maetzner1838,
  title     = {Antiphontis, {O}rationes {XV}},
  publisher = {Mittler},
  year      = {1838},
  author    = {Mätzner, Eduard},
  address   = {Berlin},
  comment   = {https://books.google.de/books?id=-8I9AAAAcAAJ},
}

@Book{Markland1811,
  title     = {Euripidis {S}upplices mulieres, {I}phigenia in {A}ulide, et in {T}auris},
  publisher = {Cooke \& Parker},
  year      = {1811},
  author    = {Markland, Jeremiah},
  address   = {Oxford},
  comment   = {https://archive.org/details/euripidouhiketi00gaisgoog},
}

@Book{Meineke1843,
  title     = {Analecta alexandrina},
  publisher = {Enslin},
  year      = {1843},
  author    = {Meineke, August},
  address   = {Berlin},
  comment   = {https://archive.org/details/analectaalexandr00mein}
}

@Book{Meineke1856,
  title     = {Theocritus, {B}ion, {M}oschus},
  publisher = {Reimer},
  year      = {1856},
  edition   = {3},
  author    = {Meineke, August},
  address   = {Berlin},
  comment   = {https://archive.org/details/theocritusbionmo00meinuoft}
}

@InCollection{Meister1884,
  author    = {Meister, Richard C.},
  title     = {Die böotischen {I}nschriften},
  booktitle = {Sammlung der griechischen {D}ialekt-{I}nschriften},
  publisher = {Vandenhoeck \& Ruprecht},
  year      = {1884},
  editor    = {Collitz, Hermann},
  address   = {Göttingen},
  pages     = {144--309},
  volume    = {1},
  comment   = {pdf},
}

@Book{Meister1889,
  title     = {Die griechischen {D}ialekte auf {G}rundlage von {A}hrens' {W}erk},
  publisher = {Vandenhoeck \& Ruprecht},
  year      = {1889},
  author    = {Meister, Richard C.},
  address   = {Göttingen},
  volume    = {2},
  comment   = {https://archive.org/details/diegriechischen01meisgoog},
}

@Book{Meisterhans1888,
  title     = {Grammatik der attischen {I}nschriften},
  publisher = {Weidmann},
  year      = {1888},
  edition   = {2},
  author    = {Meisterhans, Konrad},
  address   = {Berlin},
  comment   = {https://archive.org/details/bub\_gb\_awdXAAAAMAAJ},
}

@Book{Merguet1884,
  title     = {Lexikon zu den {R}eden des {C}icero, mit {A}ngabe sämmtlicher {S}tellen},
  volume    = {4},
  publisher = {Gustav Fischer},
  year      = {1884},
  author    = {Merguet, Hugo},
  address   = {Jena},
  comment   = {https://archive.org/details/lexikonzudenrede04merguoft},
}

@Book{Meusel1887,
  title     = {Lexicon {C}aesarianum},
  volume    = {2},
  publisher = {Weber},
  year      = {1887},
  author    = {Meusel, Heinrich},
  address   = {Berlin},
  comment   = {https://archive.org/details/p2lexiconcaesari02meusuoft},
}

@Article{Meyer1885,
  author  = {Meyer, Gustav},
  title   = {Auszüge aus {Z}eitschriften, {P}rogrammen und {D}issertationen},
  journal = {Berliner philologische {W}ochenschrift},
  year    = {1885},
  volume  = {5},
  issue   = {29--30},
  pages   = {942--947},
  comment = {pdf},
}

@Book{MommsenHenzen1863,
  title     = {Inscriptiones {L}atinae antiquissimae ad {C}. {C}aesaris mortem},
  publisher = {Reimer},
  year      = {1887},
  author    = {Mommsen, Theodor and Henzen, Wilhelm},
  address   = {Berlin},
  comment   = {https://arachne.uni-koeln.de/arachne/index.php?view\%5blayout\%5d=buch\_item&search\%5bconstraints\%5d\%5bbuch\%5d\%5balias\%5d=CILvI1863&search\%5bmatch\%5d=exact},
}

@Book{Monro1891,
  title     = {A grammar of the {H}omeric dialect},
  publisher = {Clarendon},
  year      = {1891},
  author    = {Monro, David B.},
  address   = {Oxford},
  edition   = {2},
  comment   = {https://archive.org/details/grammarofhomeric00monruoft},
}

@Book{Mueller1872,
  title     = {C. {L}ucili {S}aturarum reliquiae},
  publisher = {Teubner},
  year      = {1872},
  editor    = {Müller, Lucian},
  address   = {Leipzig},
  comment   = {https://archive.org/details/bub\_gb\_svJE9BvW6EYC},
}

@Book{Mueller1888,
  title     = {{N}oni {M}arcelli {C}ompendiosa doctrina},
  publisher = {Teubner},
  year      = {1888},
  volume    = {1},
  editor    = {Müller, Lucian},
  address   = {Leipzig},
  comment   = {https://archive.org/details/compendiosadoctr01noniuoft},
}

@Book{Mueller1886,
  title     = {M. {T}ullii {C}iceronis {O}rationes: {D}e provinciis consularibus, {P}ro {L}. {C}ornelio {B}albo, {I}n {L}. {C}alpurnium {P}isonem, {P}ro {C}n. {P}lancio, {P}ro {M}. {A}emilio {S}cauro, {P}ro {C}. {R}abirio {P}ostumo},
  publisher = {Teubner},
  year      = {1886},
  author    = {Müller, Carl Friedrich Wilhelm},
  address   = {Leipzig},
  comment   = {pdf},
}

@Book{Mullach1860,
  title     = {Fragmenta philosophorum graecorum},
  publisher = {Didot},
  year      = {1860},
  volume    = {1},
  author    = {Mullach, Friedrich Wilhelm August},
  address   = {Paris},
  comment   = {https://archive.org/details/fragmentaphilo01mull},
}

@Book{Nauck1874,
  series = {Homerica carmina},
  title     = {Odyssea},
  publisher = {Weidmann},
  year      = {1874},
  author    = {Nauck, Augustus},
  address   = {Berlin},
  volume    = {1},
  comment   = {https://archive.org/details/homericacarmina00wolfgoog},
}

@Book{Nauck1877,
  series = {Homerica carmina},
  title     = {Ilias},
  publisher = {Weidmann},
  year      = {1877},
  author    = {Nauck, Augustus},
  address   = {Berlin},
  volume    = {2},
  comment   = {https://books.google.de/books?id=K6PwwQEACAAJ},
}

@Book{Nauck1889,
  title     = {Tragicorum graecorum fragmenta},
  publisher = {Teubner},
  year      = {1889},
  author    = {Nauck, Augustus},
  address   = {Leipzig},
  edition   = {2},
  comment   = {https://archive.org/details/tragicorumgraeco00naucuoft},
}

@Book{NeueWagener1892,
  title     = {Adjectiva, {N}umeralia, {P}ronomina, {A}dverbia, {P}räpositionen, {K}onjunktionen, {I}nterjektionen},
  volume    = {2},
  edition   = {3},
  series    = {Formenlehre der lateinischen {S}prache},
  publisher = {O. R. Reisland},
  year      = {1892},
  author    = {Neue, Christian Friedrich and Wagener, Carl},
  address   = {Leipzig},
  comment   = {https://archive.org/details/formenlehrederla02neueuoft},
}

@Book{Oldenberg1888,
  title     = {Die {H}ymnen des {R}igveda},
  publisher = {Wilhelm Hertz},
  year      = {1888},
  author    = {Oldenberg, Hermann},
  address   = {Berlin},
  volume    = {1},
  comment   = {https://archive.org/details/OldenbergRigvedaV11888},
}

@Book{Orelli1828,
  title     = {M. {T}ullii {C}iceronis {O}pera quae supersunt omnia},
  publisher = {Typis Orellii, Fuesslini et sociorum},
  year      = {1828},
  volume    = {4},
  author    = {Orelli, Johann Kaspar von},
  address   = {Zürich},
  comment   = {pdf},
}

@Book{Paul1889,
  title     = {C. {I}ulii {C}ommentarii de bello civili},
  publisher = {F. Tempsky},
  year      = {1889},
  author    = {Paul, Wilhelm Theodor},
  address   = {Vienna},
  comment   = {partialpdf},
}

@Article{Peppmueller1890,
  author  = {Peppmüller, Rudolf},
  title   = {Review of {A}ugust {F}ick (1887), `{H}esiods {G}edichte in ihrer ursprünglichen {F}assung und {S}prachform wiederhergestellt'},
  journal = {Berliner philologische {W}ochenschrift},
  year    = {1890},
  volume  = {10},
  issue   = {18},
  pages   = {557--564},
  comment = {pdf},
}

@Book{PoppoStahl1889,
  title     = {Thucydidis {D}e {B}ello {P}eloponnesiaco libri octo},
  publisher = {Teubner},
  year      = {1889},
  author    = {Poppo, Ernest Friedrich and Stahl, Johann Matthias},
  volume    = {1, part 2},
  edition   = {3},
  address   = {Leipzig},
  comment   = {https://archive.org/details/thucydidisdebel09thucgoog, second half},
}

@Article{Pottier1888,
  author  = {Pottier, Edmond},
  title   = {Études sur la céramique {G}reque},
  journal = {Gazette archéologique: revue des {M}usées {N}ationaux},
  year    = {1888},
  volume  = {13},
  issue   = {7--8},
  pages   = {167--181},
  comment = {pdf},
}

@Article{Praun1889,
  author  = {Praun, J.},
  title   = {Absque},
  journal = {Archiv für lateinische Lexikographie und Grammatik},
  year    = {1889},
  volume  = {6},
  pages   = {197--212},
  comment = {pdf},
}

@InCollection{Prellwitz1889,
  author    = {Prellwitz, Walther},
  title     = {Die argivischen {I}nschriften},
  booktitle = {Sammlung der griechischen {D}ialekt-{I}nschriften},
  publisher = {Vandenhoeck \& Ruprecht},
  year      = {1889},
  editor    = {Collitz, Hermann and Bechtel, Fritz},
  address   = {Göttingen},
  pages     = {117--190},
  volume    = {3},
  comment   = {pdf},
}

@Article{Reinach1885,
  author  = {Reinach, Salomon},
  title   = {Inscribed base of an archaic bronze statue from {M}ount {P}tous},
  journal = {American Journal of Archaeology},
  year    = {1885},
  volume  = {1},
  pages   = {358--360},
  comment = {pdf},
}

@Book{Reisig1839,
  title     = {Vorlesungen über lateinische {S}prachwissenschaft},
  publisher = {Verlag der Zehnhold'schen Buchhandlung},
  year      = {1839},
  author    = {Reisig, Karl Christian and Haase, Friedrich},
  address   = {Leipzig},
  comment   = {http://mdz-nbn-resolving.de/urn:nbn:de:bvb:12-bsb10586347-6},
}

@Book{Ribbeck1869,
  title     = {Beiträge zur {L}ehre von den lateinischen {P}artikeln},
  publisher = {Teubner},
  year      = {1869},
  author    = {Ribbeck, Otto},
  address   = {Leipzig},
  comment   = {https://archive.org/details/bub\_gb\_b4BbAAAAQAAJ},
}

@PhdThesis{Ries1880,
  author  = {Ries, John},
  title   = {Die {S}tellung von {S}ubject und {P}rädicatsverbum im {H}êliand},
  school  = {University of Strasbourg},
  year    = {1880},
  comment = {https://archive.org/details/diestellungvonsu00ries},
}

@Book{Ritschl1852,
  title     = {T. {M}acci {P}lauti {M}ostellaria},
  publisher = {H. B. König},
  year      = {1852},
  author    = {Ritschl, Friedrich Wilhelm},
  address   = {Leipzig},
  comment   = {https://archive.org/details/tmacciplautimos00ritsgoog},
}

@Book{RitschlGoetz1884,
  title     = {T. {M}acci {P}lauti {M}ercator},
  publisher = {Teubner},
  year      = {1884},
  edition   = {2},
  author    = {Ritschl, Friedrich Wilhelm and Götz, Georg},
  address   = {Leipzig},
  comment   = {https://archive.org/details/comoediae02plau},
}

@Article{Robert1887,
  author  = {Robert, C.},
  title   = {Eine attische {K}ünstlerinschrift aus kleisthenischer {Z}eit},
  journal = {Hermes},
  year    = {1887},
  volume  = {22},
  issue   = {1},
  pages   = {129--135},
  comment = {pdf},
}

@Book{Roehl1882,
  title     = {Inscriptiones graecae antiquissimae praeter atticas in Attica repertas},
  publisher = {Reimer},
  year      = {1882},
  author    = {Röhl, Hermann},
  address   = {Berlin},
  comment   = {https://archive.org/stream/inscriptionesgra00deut},
}

@Book{Schanz1882,
 series = {Platonis {O}pera quae feruntur omnia},
 title = {Phaedrus},
 year = {1882},
 volume = {5 part 2},
 author = {Schanz, Martin},
 publisher = {Tauchnitz},
 address = {Leipzig},
 comment = {https://archive.org/details/operaquaeferunt5v8plat},
}

@Book{Schneider1873,
  series = {Callimachea},
  title     = {Fragmenta a {B}entleio collecta et explicata, ab aliis aucta: accedunt commentationes et indices tres},
  publisher = {Teubner},
  year      = {1873},
  volume    = {2},
  author    = {Schneider, Otto},
  address   = {Leipzig},
  comment   = {https://books.google.de/books?id=qvAUAAAAQAAJ, second part},
}

@Book{Schnorr1864,
 title = {Verborum collocatio {H}omerica quas habeat leges et qua utatur libertate},
 year = {1864},
 author = {Schnorr von Carolsfeld, Franz},
 publisher = {Calvary},
 address = {Berlin},
 comment = {https://archive.org/details/verborumcolloca00carogoog},
}

@Book{Schoell1890,
  title     = {T. {M}acci {P}lauti {C}asina},
  publisher = {Teubner},
  year      = {1890},
  author    = {Schöll, Fritz},
  address   = {Leipzig},
  comment   = {partialpdf},
}

@Book{Schoemann1871,
  series = {Opuscula academica},
  volume    = {4},
  title     = {Miscellanea},
  publisher = {Weidmann},
  year      = {1871},
  author    = {Schömann, Georg Friedrich},
  address   = {Berlin},
  comment   = {https://books.google.de/books?id=AHMRAAAAIAAJ},
}

@Article{Schuchardt1887,
  author  = {Schuchardt, Hugo},
  title   = {Review of {K}arl {K}rumbacher (1886), `{E}in irrationaler {S}pirant im {G}riechischen'},
  journal = {Literaturblatt für germanische und romanische {P}hilologie},
  year    = {1887},
  volume  = {8},
  pages   = {179--182},
  comment = {pdf},
}

@Article{Schulze1890,
  author  = {Schulze, Wilhelm},
  title   = {Review of {R}ichard {M}eister (1889), `{D}ie griechischen {D}ialekte auf {G}rundlage von {A}hrens' {W}erk ``{D}e graecae linguae dialectis', vol. 2},
  journal = {Berliner philologische {W}ochenschrift},
  year    = {1890},
  volume  = {10},
  issue   = {46},
  pages   = {1469--1475},
  note    = {(Translator's note: Review is distributed over issues 44--47)},
  comment = {pdf},
}

@Article{Seidler1829,
  author  = {Seidler, J. V. A.},
  title   = {Über einige {F}ragmente der {S}appho und des {A}lcäus},
  journal = {Rheinisches {M}useum für {P}hilologie, {G}eschichte und griechische {P}hilosophie},
  year    = {1829},
  volume  = {3},
  issue   = {2},
  pages   = {153--228},
  comment = {pdf},
}

@Article{Selivanov1891,
  author  = {Selivanov, S.},
  title   = {Inscriptiones rhodiæ ineditæ},
  journal = {Mitteilungen des kaiserlich deutschen archäologischen {I}nstituts, athenische {A}bteilung},
  year    = {1891},
  volume  = {16},
  pages   = {107--126},
  comment = {pdf},
}

@Book{Seyffert1874,
  title     = {Studia {P}lautina},
  publisher = {Sophien-Gymnasium},
  year      = {1874},
  author    = {Seyffert, August Oskar},
  address   = {Berlin},
  comment   = {https://archive.org/details/studiaplautinas00seyfgoog},
}

@Book{SeyffertMueller1876,
  title     = {M. {T}ullii {C}iceronis {L}aelius de amicita dialogus},
  publisher = {Otto Holtze},
  year      = {1876},
  edition   = {2},
  author    = {Seyffert, Moritz and Müller, Carl Friedrich Wilhelm},
  address   = {Leipzig},
  comment   = {pdf},
}

@Article{Six1888,
  author  = {Six, Jean},
  title   = {Vases polychromes sur fond noir de la période archaique},
  journal = {Gazette archéologique: revue des {M}usées {N}ationaux},
  year    = {1888},
  volume  = {13},
  issue   = {7--8},
  pages   = {193--210},
  comment = {pdf},
}

@Article{Spengel1886,
  title     = {Bemerkungen zu {V}arro de lingua latina},
  journal   = {Sitzungsberichte der philosophisch-philologischen und historischen Classe der k. b. Akademie der Wissenschaften zu München},
  year      = {1886},
  volume    = {1885},
  pages     = {243--272},
  author    = {Spengel, Andreas},
  comment   = {pdf},
}

@Book{Spiegel1881,
  title     = {Die altpersischen {K}eilinschriften im {G}rundtexte mit {Ü}bersetzung, {G}rammatik und {G}lossar},
  publisher = {Wilhelm Engelmann},
  year      = {1881},
  author    = {Spiegel, Friedrich},
  address   = {Leipzig},
  edition   = {2},
  comment   = {https://archive.org/details/altpersischenkei00spie\_0},
}

@Book{Stein1866,
  series = {Herodotos},
  title     = {Buch {V} und {VI}},
  publisher = {Weidmannsche Buchhandlung},
  year      = {1866},
  volume    = {3},
  edition   = {2},
  author    = {Stein, Heinrich},
  address   = {Berlin},
  comment   = {http://mdz-nbn-resolving.de/urn:nbn:de:bvb:12-bsb10236219-2},
}

@Book{Stein1883,
  series = {Herodotos},
  title     = {Einleitung und {Ü}bersicht des {D}ialektes; {B}uch {I}},
  publisher = {Weidmannsche Buchhandlung},
  year      = {1883},
  volume    = {1, book 1},
  edition   = {5},
  author    = {Stein, Heinrich},
  address   = {Berlin},
  comment   = {https://archive.org/details/herodotos00steigoog},
}

@Book{StolzSchmalz1890,
  title     = {Lateinische {G}rammatik: {L}aut- und {F}ormenlehre, {S}yntax und {S}tilistik},
  publisher = {C. H. Beck},
  year      = {1890},
  edition   = {2},
  author    = {Stolz, Friedrich and Schmalz, Joseph Herrmann},
  address   = {Munich},
  comment   = {partialpdf},
}

@Article{Studniczka1887,
  author  = {Studniczka, Franz},
  title   = {Antenor der {S}ohn des {E}umares und die {G}eschichte der archaischen {M}alerei},
  journal = {Jahrbuch des {K}aiserlich {D}eutschen {A}rchäologischen {I}nstituts},
  year    = {1887},
  volume  = {2},
  pages   = {135--168},
  comment = {pdf},
}

@Article{Thielmann1889,
  author  = {Thielmann, Philipp},
  title   = {Abscondo},
  journal = {Archiv für lateinische lexicographie und grammatik},
  year    = {1889},
  volume  = {6},
  pages   = {151--167},
  comment = {pdf},
}

@Article{Thumb1887,
  author  = {Thumb, Albert},
  title   = {Die pronomina μιν und νιν},
  journal = {Jahrbücher für classische Philologie (Neue Jahrbücher für Philologie und Paedagogik)},
  year    = {1887},
  volume  = {135},
  pages   = {631--648},
  comment = {pdf},
}

@Article{Tobler1877,
  author  = {Tobler, Adolf},
  title   = {Miscellen zur griechischen grammatik},
  journal = {Französische etymologien},
  year    = {1877},
  volume  = {23},
  pages   = {414--423},
  comment = {pdf},
}

@Book{Tomanetz1879,
  title     = {Die {R}elativsätze bei den ahd. Uebersetzern des 8. u. 9. {J}ahrh.},
  publisher = {Gerold's Sohn},
  year      = {1879},
  author    = {Tomanetz, Karl},
  address   = {Vienna},
  comment   = {https://archive.org/details/dierelativstzeb00tomagoog},
}

@Article{Tomanetz1890,
  author  = {Tomanetz, Karl},
  title   = {Review of {M}ax {R}annow (1888), \emph{Der satzbau des althochdeutschen {I}sidor im verhältnis zur lateinischen vorlage: ein beitrag zur deutschen syntax}},
  journal = {Anzeiger für deutsches Altertum und deutsche Literatur},
  year    = {1890},
  volume  = {16},
  pages   = {379--384},
  comment = {pdf},
}

@Book{Vahlen1865,
  title     = {Beiträge zu {A}ristoteles' {P}oetik},
  publisher = {Gerold's Sohn},
  year      = {1865},
  author    = {Vahlen, Johannes},
  address   = {Vienna},
  note      = {Special printing of vol. LVI of the \emph{Sitzungsberichte der {P}hilosophisch-{H}istorischen {K}lasse der {K}aiserlichen {A}kademie der {W}issenschaften} (published 1867)},
  comment   = {https://books.google.de/books?id=Z7oUAAAAQAAJ},
}

@Article{Vahlen1879,
  author  = {Vahlen, Johannes},
  title   = {Über drei {E}legien des {T}ibullus},
  journal = {Monatsberichte der Königlich Preußischen Akademie der Wissenschaften Berlin},
  year    = {1879},
  volume  = {1878},
  pages   = {343--356},
  comment = {pdf},
}

@Book{Vahlen1887,
  title     = {Διονυσίου ή Λογγίνου περί ύψους = De sublimitate libellus in usum scholarum},
  publisher = {Teubner},
  year      = {1887},
  author    = {Vahlen, Johannes},
  address   = {Leipzig},
  edition   = {2},
  note      = {First edition edited by Otto Jahn, 1867},
  comment   = {partialpdf},
}

@Book{Velsen1883,
  title     = {Aristophanis {E}cclesiazusae},
  publisher = {Teubner},
  year      = {1883},
  author    = {Velsen, Adolf von},
  address   = {Leipzig},
  comment   = {https://archive.org/details/bub\_gb\_nzEBAAAAMAAJ},
}

@Article{Wackernagel1887,
  author  = {Wackernagel, Jacob},
  title   = {Miscellen zur griechischen grammatik},
  journal = {Zeitschrift für vergleichende {S}prachforschung auf dem {G}ebiete der indogermanischen {S}prachen},
  year    = {1887},
  volume  = {28},
  pages   = {109--145},
  comment = {pdf},
}

@Article{Wackernagel1891,
  author  = {Wackernagel, Jacob},
  title   = {Review of {P}aul {C}auer (1890), `{H}omeri {I}lias'},
  journal = {Berliner philologische {W}ochenschrift},
  year    = {1891},
  volume  = {11},
  issue   = {2},
  pages   = {37--1475},
  note    = {(Translator's note: Review is distributed over issues 1--2)},
  comment = {pdf},
}

@Book{Weber1884,
  series = {Entwickelungsgeschichte der {A}bsichtssätze},
  title     = {Von {H}omer bis zur attischen {P}rosa},
  volume    = {1},
  year      = {1884},
  author    = {Weber, Philipp},
  address   = {Würzburg},
  note      = {Volume II of Schanz (ed.), \emph{Beiträge zur historischen Syntax der griechischen Sprache}},
  comment   = {cannot find but confident},
}

@Book{Weber1885,
  series = {Entwickelungsgeschichte der {A}bsichtssätze},
  title     = {Die attische {P}rosa und {S}chlussergebnisse},
  volume    = {2},
  year      = {1885},
  author    = {Weber, Philipp},
  address   = {Würzburg},
  comment   = {partialpdf},
}

@Book{Weil1886,
  series = {Les plaidoyers politiques de {D}émosthène},
  title     = {Androtion, {A}ristocrate, {T}imocrate, {A}ristogiton},
  publisher = {Hachette},
  year      = {1886},
  volume    = {2},
  author    = {Weil, Henri},
  address   = {Paris},
  comment   = {https://archive.org/details/lesplaidoverspo00demogoog},
}

@Book{Weissenborn1853,
  title     = {Titi {L}ivi ab urbe condita libri},
  publisher = {Weidmann},
  year      = {1853},
  author    = {Weissenborn, Wilhelm},
  address   = {Leipzig},
  comment   = {https://books.google.de/books?id=6XEUAAAAQAAJ},
}

@Article{Werfer1814,
  author  = {Werfer, F.},
  title   = {Observationes criticae et grammaticae in {H}erodoti historiarum libros, pars posterior},
  journal = {Literaturblatt für germanische und romanische {P}hilologie},
  year    = {1814},
  volume  = {1},
  pages   = {225--276},
  comment = {pdf},
}

@Book{Wichert1856,
  title     = {Die lateinische {S}tillehre},
  publisher = {Verlag der Gebrüder Bornträger},
  year      = {1856},
  author    = {Wichert, Georg},
  address   = {Königsberg},
  comment   = {http://mdz-nbn-resolving.de/urn:nbn:de:bvb:12-bsb10586646-6},
}

@Book{Wilamowitz1882,
  title     = {Callimachi hymna et epigrammata},
  publisher = {Weidmann},
  year      = {1882},
  author    = {Wilamowitz-Moellendorff, Ulrich von},
  address   = {Berlin},
  comment   = {https://archive.org/details/bub\_gb\_TtAIAAAAQAAJ},
}

@Book{Wilamowitz1889,
  series  = {Euripides {H}erakles},
  title     = {Text und {C}ommentar},
  publisher = {Weidmann},
  year      = {1889},
  volume    = {2},
  author    = {Wilamowitz-Moellendorff, Ulrich von},
  address   = {Berlin},
  comment   = {https://archive.org/details/ahx1947.0002.001.umich.edu},
}

@Article{Woelfflin1882,
  author  = {Wölfflin, Eduard},
  title   = {Ueber die {A}ufgaben der lateinischen {L}exikographie},
  journal = {Rheinisches {M}useum für {P}hilologie, {G}eschichte und griechische {P}hilosophie},
  year    = {1882},
  volume  = {37},
  pages   = {83--123},
  comment = {pdf},
}

@Book{Zeuss1871,
  title     = {Grammatica {C}eltica},
  publisher = {Weidmann},
  year      = {1871},
  edition   = {2},
  author    = {Zeuss, Johann Kaspar},
  address   = {Berlin},
  comment   = {https://archive.org/details/grammaticacelti03zeusgoog},
}

@Article{Ziemer1885,
  author  = {Ziemer, Hermann},
  title   = {Auszüge aus {Z}eitschriften, {P}rogrammen und {D}issertationen},
  journal = {Berliner philologische {W}ochenschrift},
  year    = {1885},
  volume  = {5},
  issue   = {43},
  pages   = {1371},
  comment = {pdf},
}

%
%
%
% EVERYTHING BELOW HERE IS IN THE INTRO
%
%
%

@Article{AlboiuHill2012,
  author  = {Alboiu, Gabriela and Hill, Virginia},
  title   = {Early {M}odern {R}omanian and {W}ackernagel's law},
  journal = {SKY Journal of Linguistics},
  year    = {2012},
  volume  = {25},
  pages   = {7--28},
  comment = {pdf},
}

@Book{Anderson1992,
  title     = {A-morphous morphology},
  publisher = {Cambridge University Press},
  year      = {1992},
  author    = {Anderson, Stephen R.},
  address   = {Cambridge},
}

@Article{Anderson1993,
  author  = {Anderson, Stephen R.},
  title   = {Wackernagel's revenge: clitics, morphology, and the syntax of second position},
  journal = {Language},
  year    = {1993},
  volume  = {69},
  issue   = {1},
  pages   = {68--98},
  comment = {pdf},
}

@Book{Anderson2005,
  title     = {Aspects of the theory of clitics},
  publisher = {Oxford University Press},
  year      = {2005},
  author    = {Anderson, Stephen R.},
  address   = {Oxford},
}

@Book{Aronoff1976,
  title     = {Word formation in generative grammar},
  publisher = {MIT Press},
  year      = {1976},
  author    = {Aronoff, Mark},
  address   = {Cambridge, MA},
}

@Book{AzizHanna2015,
  title     = {Wackernagels {G}esetz im {D}eutschen: zur {I}nteraktion von {S}yntax, {P}honologie und {I}nformationsstruktur},
  publisher = {de Gruyter},
  year      = {2015},
  author    = {Aziz Hanna, Patrizia Noel},
  address   = {Berlin},
}

@Article{Bach1962,
  author  = {Bach, Emmon},
  title   = {The order of elements in a transformational grammar of {G}erman},
  journal = {Language},
  year    = {1962},
  volume  = {38},
  issue   = {3, part 1},
  pages   = {263--269},
  comment = {pdf},
}

@InCollection{BayerFreitag2020,
  author    = {Bayer, Josef and Freitag, Constantin},
  title     = {How much verb moves to second position?},
  booktitle = {Verb second: grammar internal and grammar external interfaces},
  year      = {2020},
  pages     = {77--122},
  editor    = {Lohnstein, Horst and Tsiknakis, Antonios},
  address   = {Berlin},
  publisher = {Mouton de Gruyter},
}

@Book{Behaghel,
 title = {Deutsche {S}yntax},
 year = {1923--1932},
 editor = {Behaghel, Otto},
 publisher = {Winter},
 address = {Heidelberg},
 note = {4 volumes},
}

@InCollection{BermudezOteroPayne2011,
  author    = {Bermúdez-Otero, Ricardo and Payne, John},
  title     = {There are no special clitics},
  booktitle = {Morphology and its interfaces},
  year      = {2011},
  editor    = {Galani, Alexandra and Hicks, Glyn and Tsoulas, George},
  publisher = {John Benjamins},
  address   = {Amsterdam},
  pages     = {57--96},
  comment   = {pdf},
}

@Book{BeukemaDenDikken2000,
  title     = {Clitic phenomena in the languages of {E}urope},
  publisher = {John Benjamins},
  year      = {2000},
  editor    = {Beukema, Frits and den Dikken, Marcel},
  address   = {Amsterdam},
}

@PhdThesis{Boegel2015,
  author  = {Bögel, Tina},
  title   = {The syntax-prosody interface in {L}exical-{F}unctional {G}rammar},
  school  = {Universität Konstanz},
  year    = {2015},
  comment = {pdf},
}

@Article{Boerjars2003,
  author  = {Börjars, Kersti},
  title   = {Morphological status and (de)grammaticalisation: the {S}wedish possessive},
  journal = {Nordic Journal of Linguistics},
  year    = {2003},
  volume  = {26},
  issue   = {2},
  pages   = {133--163},
}

@PhdThesis{Borer1981,
  author  = {Borer, Hagit},
  title   = {Parametric variation in clitic constructions},
  school  = {MIT},
  year    = {1981},
}

@Book{Borer1986,
  title     = {The syntax of pronominal clitics},
  publisher = {Academic Press},
  year      = {1986},
  editor    = {Borer, Hagit},
  address   = {New York, NY},
}

@InCollection{Boskovic2000,
  author    = {Bošković, Željko},
  title     = {Second position cliticization: syntax and/or phonology?},
  crossref  = {BeukemaDenDikken2000},
  pages     = {71--120},
}

@Book{Boskovic2001,
  title     = {On the Nature of the Syntax-Phonology Interface: cliticization and Related Phenomena},
  publisher = {North-Holland},
  year      = {2001},
  author    = {Bošković, Željko},
  address   = {Amsterdam},
}

@Article{Boskovic2002,
  author    = {Bošković, Željko},
  title     = {Clitics as non-branching elements and the {L}inear {C}orrespondence {A}xiom},
  journal   = {Linguistic Inquiry},
  year      = {2002},
  volume    = {33},
  pages     = {329--340},
}

@InCollection{Boskovic2016,
  author    = {Bošković, Željko},
  title     = {On second position clitics crosslinguistically},
  booktitle = {Formal Studies in {S}lovenian Syntax: in honor of {J}anez {O}rešnik},
  year      = {2016},
  editor    = {Marušič, Franc Lanko and Žaucer, Rok},
  address   = {Amsterdam},
  publisher = {John Benjamins},
  pages     = {23--54},
}

@InCollection{Boskovic2020,
  author    = {Bošković, Željko},
  title     = {On the syntax and prosody of verb second and clitic second},
  booktitle = {Rethinking verb second},
  year      = {2019},
  editor    = {Woods, Rebecca and Wolfe, Sam},
  address   = {Oxford},
  publisher = {Oxford University Press},
}

@Book{Carruba1969,
  title     = {Die satzeinleitenden {P}artikeln in den indogermanischen {S}prachen {A}natoliens},
  publisher = {Edizioni dell'Ateneo},
  year      = {1969},
  author    = {Carruba, Onofrio},
  address   = {Rome},
}

@Book{Chomsky1981,
  title     = {Lectures on government and binding: the {P}isa lectures},
  publisher = {Foris},
  year      = {1981},
  author    = {Chomsky, Noam},
  address   = {Dordrecht},
}

@Book{Chomsky1982,
  title = {Some concepts and consequences of the theory of {G}overnment and {B}inding},
  publisher = {{MIT} Press},
  year = {1982},
  author = {Chomsky, Noam},
  address = {Cambridge, MA},
}

@Book{Clackson2007,
  title     = {Indo-{E}uropean linguistics: an introduction},
  publisher = {Cambridge University Press},
  year      = {2007},
  author    = {Clackson, James},
  address   = {Cambridge},
}

@Book{Collinge1985,
  title     = {The laws of {I}ndo-{E}uropean},
  publisher = {John Benjamins},
  year      = {1985},
  author    = {Collinge, N. E.},
  address   = {Amsterdam},
}

@Book{Dehe2014,
  title     = {Parentheticals in spoken {E}nglish: the syntax-prosody relation},
  publisher = {Cambridge University Press},
  year      = {2014},
  author    = {Dehé, Nicole},
  address   = {Cambridge},
}

@Book{Delbrueck1900,
  title     = {Vergleichende {S}yntax der indogermanischen {S}prachen},
  volume    = {3},
  publisher = {Karl J. Trübner},
  year      = {1900},
  author    = {Delbrück, Berthold},
  address   = {Strasbourg},
}

@Article{Delbrueck1907,
  author    = {Delbrück, Berthold},
  title     = {Review of {J}ohn {R}ies (1907), `{D}ie {W}ortstellung im {B}eowulf'},
  journal   = {Zeitschrift für deutsches Altertum und deutsche Literatur},
  year      = {1907},
  volume    = {49},
  pages     = {65--76},
}

@PhdThesis{Dewey2006,
  author  = {Dewey, Tonya Kim},
  title   = {The origins and development of {G}ermanic {V}2},
  school  = {UC Berkeley},
  year    = {2006},
  comment = {pdf},
}

@Article{DiesingZec2011,
  author    = {Diesing, Molly and Zec, Draga},
  title     = {Interface effects: {S}erbian clitics},
  journal   = {Syntax and Semantics},
  year      = {2011},
  volume    = {37},
  pages     = {1--30},
}

@Article{Dillon1947,
  author    = {Dillon, Myles},
  title     = {Celtic and the other {I}ndo-{E}uropean languages},
  journal   = {Transactions of the Philological Society},
  year      = {1947},
  volume    = {46},
  issue     = {1},
  pages     = {15--24},
}

@Article{DimitrovaVulchanova1995,
  author    = {Dimitrova-Vulchanova, Mila},
  title     = {Clitics in {S}lavic},
  journal   = {Studia Linguistica},
  year      = {1995},
  volume    = {49},
  issue     = {1},
  pages     = {54--92},
}

@InCollection{DimitrovaVulchanova1998,
  author    = {Dimitrova-Vulchanova, Mila},
  title     = {Are {B}ulgarian Pronominal Clitics in the {W}ackernagel Position?},
  booktitle = {Norwegian Contributions to the {T}welfth {I}nternational {C}ongress of {S}lavists},
  year      = {1998},
  editor    = {Gammelgaard, Karen and Mørch, Audun J. and Selberg, Ole Michael},
  address   = {Oslo},
  publisher = {Universitetet i Oslo},
  pages     = {7--32},
}

@Book{Dover1960,
  title     = {Greek word order},
  publisher = {Cambridge University Press},
  year      = {1960},
  author    = {Dover, Kenneth J.},
  address   = {Cambridge},
}

@Book{Eggeling1885,
  title     = {The {S}atapatha-{B}râhmana, according to the text of the {M}âdhyandina school; Part {II}, books {III} and {IV}},
  publisher = {Clarendon},
  year      = {1885},
  editor    = {Eggeling, Julius},
  address   = {Oxford},
  comment   = {https://archive.org/details/satapathabrahman02egge},
}

@Book{EichnerRix1990,
  title     = {Sprachwissenschaft und {P}hilologie: {J}acob {W}ackernagel und die {I}ndogermanistik heute},
  publisher = {Ludwig Reichert},
  year      = {1990},
  editor    = {Eichner, Heiner and Rix, Helmut},
  address   = {Wiesbaden},
}

@PhdThesis{Fontana1993,
  author = {Fontana, Josep},
  title  = {Phrase structure and the syntax of clitics in the history of {S}panish},
  school = {University of Pennsylvania},
  year   = {1993},
}

@InCollection{Fortis2019,
  author    = {Fortis, Jean-Michel},
  title     = {On {S}apir's notion of form/pattern and its aesthetic background},
  booktitle = {Form and formalism in linguistics},
  year      = {2019},
  editor    = {McElvenny, James},
  address   = {Berlin},
  publisher = {Language Science Press},
  pages     = {59--88},
  comment   = {pdf},
}

@Book{Fourquet1938,
  title     = {L'ordre des éléments de la phrase en germanique ancien: études de syntaxe de position},
  publisher = {Les Belles Lettres},
  year      = {1938},
  author    = {Fourquet, Jean},
  address   = {Paris},
}

@InProceedings{Fraenkel1932,
  author    = {Fraenkel, Eduard},
  title     = {{K}olon und {S}atz: {B}eobachtungen zur {G}liederung des antiken {S}atzes {I}},
  booktitle = {Nachrichten der {G}öttinger {G}esellschaft der {W}issenschaften, philosophisch-historische {K}lasse},
  year      = {1932},
  pages     = {197--213},
}

@InProceedings{Fraenkel1933,
  author    = {Fraenkel, Eduard},
  title     = {{K}olon und {S}atz: {B}eobachtungen zur {G}liederung des antiken {S}atzes {II}},
  booktitle = {Nachrichten der {G}öttinger {G}esellschaft der {W}issenschaften, philosophisch-historische {K}lasse},
  year      = {1933},
  pages     = {319--354},
}

@InProceedings{Fraenkel1965,
  author    = {Fraenkel, Eduard},
  title     = {Noch einmal {K}olon und {S}atz},
  booktitle = {Sitzungsberichte der bayerischen {A}kademie der {W}issenschaften, philosophisch-historische {K}lasse},
  year      = {1965},
  pages     = {1--73},
  volume    = {2},
}

@Book{Francu2009,
  title     = {Gramatica limbii române vechi (1521--1780)},
  publisher = {Demiurg},
  year      = {2009},
  author    = {Frâncu, Constantin},
  address   = {Iaşi},
}

@Article{Franks1997,
  author  = {Franks, Steven},
  title   = {South {S}lavic clitic placement is \emph{still} syntactic},
  journal = {Penn Working Papers in Linguistics},
  year    = {1997},
  volume  = {4},
  issue   = {2},
  pages   = {111--126},
}

@InCollection{Franks2000,
  author    = {Franks, Steven},
  title     = {Clitics at the interface},
  crossref  = {BeukemaDenDikken2000},
  pages     = {1--46},
}

@Article{Franks2008,
  author  = {Franks, Steven},
  title   = {Clitic placement, prosody, and the {B}ulgarian verbal complex},
  journal = {Journal of Slavic Linguistics},
  year    = {2008},
  volume  = {16},
  issue   = {1},
  pages   = {91--137},
}

@Article{FranksBoskovic2001,
  author    = {Franks, Steven and Bošković, Željko},
  title     = {An argument for multiple spell-out},
  journal   = {Linguistic Inquiry},
  year      = {2001},
  volume    = {32},
  issue     = {1},
  pages     = {174--183},
}

@Book{FranksKing2000,
  title     = {A handbook of {S}lavic clitics},
  publisher = {Oxford University Press},
  year      = {2000},
  editor    = {Franks, Steven and King, Tracy Holloway},
  address   = {Oxford},
}

@Article{Garrett1990,
  author  = {Garrett, Andrew},
  title   = {Hittite enclitic subjects and transitive verbs},
  journal = {Journal of Cuneiform Studies},
  year    = {1990},
  volume  = {42},
  issue   = {2},
  pages   = {227--242},
  comment = {pdf},
}

@Book{GerlachGrijzenhout2000,
  title     = {Clitics in phonology, morphology and syntax},
  publisher = {John Benjamins},
  year      = {2000},
  editor    = {Gerlach, Birgit and Grijzenhout, Janet},
  address   = {Amsterdam},
}

@Article{Getty1997,
  author    = {Getty, Michael},
  title     = {Was Finite Verb Placement in {G}ermanic Prosodically Conditioned?: Evidence from \emph{{B}eowulf} and \emph{{H}eliand}},
  journal   = {Journal of English and Germanic Philology},
  year      = {1997},
  volume    = {96},
  issue     = {2},
  pages     = {155--181},
}

@InCollection{Givon1971,
  author    = {Givón, Talmy},
  title     = {Historical syntax and synchronic morphology: an archeologist's field trip},
  booktitle = {Papers from the seventh {R}egional {M}eeting, {C}hicago {L}inguistic {S}ociety, {A}pril 16--18, 1971},
  publisher = {Chicago Linguistic Society},
  year      = {1971},
  address   = {Chicago, IL},
  pages     = {394--415},
}

@InCollection{Goldstein2014,
  author    = {Goldstein, David M.},
  title     = {Wackernagel's {L}aw {I}},
  booktitle = {Encyclopedia of {A}ncient {G}reek language and linguistics},
  publisher = {Brill},
  year      = {2014},
  volume    = {3},
  editor    = {Giannakis, Georgios K.},
  address   = {Leiden},
  pages     = {508--513},
}

@Book{Goldstein2016,
  title     = {Classical {G}reek syntax: {W}ackernagel's law in {H}erodotus},
  publisher = {Brill},
  year      = {2016},
  author    = {Goldstein, David M.},
  address   = {Leiden},
}

@PhdThesis{Guenes2015,
  author  = {Güneş, Güliz},
  title   = {Deriving prosodic structures},
  school  = {University of Groningen},
  year    = {2015},
  comment = {pdf},
}

@PhdThesis{Hale1987PhD,
  author  = {Hale, Mark},
  title   = {Studies in the comparative syntax of the oldest {I}ndo-{I}ranian languages},
  school  = {Harvard University},
  year    = {1987},
}

@InCollection{Hale1987wackernagel,
  author    = {Hale, Mark},
  title     = {Wackernagel's law in the language of the {R}igveda},
  booktitle = {Studies in memory of {W}arren {C}owgill},
  publisher = {Walter de Gruyter},
  year      = {1987},
  editor    = {Watkins, Calvert},
  address   = {Berlin},
  pages     = {38--50},
}

@InCollection{Hale1996,
  author    = {Hale, Mark},
  title     = {Deriving {W}ackernagel's law: prosodic and syntactic factors determining clitic placement in the language of the {R}igveda},
  crossref  = {HalpernZwicky1996},
  pages     = {165--197},
}

@InCollection{Hale2017,
  author    = {Hale, Mark},
  title     = {Preliminaries to the investigation of clitic sequencing in {G}reek and {I}ndo-{I}ranian},
  booktitle = {On looking into words (and beyond)},
  publisher = {Language Science Press},
  year      = {2017},
  editor    = {Bowern, Claire and Horn, Laurence and Zanuttini, Raffaella},
  address   = {Berlin},
  pages     = {289--310},
}

@InCollection{Hale1973,
  author    = {Hale, Ken},
  title     = {Person marking in {W}albiri},
  booktitle = {A festschrift for {M}orris {H}alle},
  publisher = {Holt, Rinehart and Winston},
  year      = {1973},
  editor    = {Anderson, Stephen R. and Kiparsky, Paul},
  pages     = {308--344},
  address   = {New York, NY},
}

@Article{Hale1983,
  author  = {Hale, Ken},
  title   = {Warlpiri and the grammar of non-configurational languages},
  journal = {Natural Language and Linguistic Theory},
  year    = {1983},
  volume  = {1},
  issue   = {1},
  pages   = {5--47},
  comment = {pdf},
}

@Book{Halpern1995,
  title     = {On the placement and morphology of clitics},
  publisher = {CSLI Publications},
  year      = {1995},
  editor    = {Halpern, Aaron L.},
  address   = {Stanford, CA},
}

@Book{HalpernZwicky1996,
  title     = {Approaching second: second position clitics and related phenomena},
  publisher = {University of Chicago Press},
  year      = {1996},
  editor    = {Halpern, Aaron L. and Zwicky, Arnold},
  address   = {Chicago, IL},
}

@Article{Harizanov2014,
  author  = {Harizanov, Boris},
  title   = {Clitic doubling at the syntax-morphophonology interface},
  journal = {Natural Language and Linguistic Theory},
  year    = {2014},
  volume  = {32},
  issue   = {4},
  pages   = {1033--1088},
}

@Book{Harris2002,
  title     = {Endoclitics and The Origins of {U}di Morphosyntax},
  publisher = {Oxford University Pres},
  year      = {2002},
  author    = {Harris, Alice C.},
  address   = {Oxford},
}

@Book{HarrisCampbell1995,
  title     = {Historical syntax in cross-linguistic perspective},
  publisher = {Cambridge University Press},
  year      = {1995},
  author    = {Harris, Alice C. and Campbell, Lyle},
  address   = {Cambridge},
}

@InCollection{Haspelmath2015,
  author    = {Haspelmath, Martin},
  title     = {Defining vs. diagnosing linguistic categories: {A} case study of clitic phenomena},
  booktitle = {How categorical are categories?},
  publisher = {Mouton de Gruyter},
  year      = {2015},
  editor    = {Błaszczak, Joanna and Klimek-Jankowska, Dorota and Migdalski, Krzysztof},
  pages     = {273--303},
  address   = {Berlin},
}

@Article{HinterhoelzlPetrova2010,
  author    = {Hinterhölzl, Roland and Petrova, Svetlana},
  journal   = {Lingua},
  pages     = {315--328},
  title     = {From {V1} to {V2} in {W}est {G}ermanic},
  volume    = {120},
  issue     = {2},
  year      = {2010},
}

@Article{Hock1982,
  author  = {Hock, Hans Henrich},
  title   = {{AUX}-cliticization as a motivation for word order change},
  journal = {Studies in the Linguistic Sciences},
  year    = {1982},
  volume  = {12},
  issue   = {1},
  pages   = {91--101},
}

@InCollection{Hock1996,
  author    = {Hock, Hans Henrich},
  title     = {Who's on first? {T}owards a prosodic account of {P}2 clitics},
  crossref  = {HalpernZwicky1996},
  pages     = {199--270},
}

@Article{Hoffner1973,
  author  = {Hoffner, Harry A.},
  title   = {Studies of the {H}ittite particles, {I}},
  journal = {Journal of the American Oriental Society},
  year    = {1973},
  volume  = {93},
  issue   = {4},
  pages   = {520--526},
  comment = {pdf},
}

@Book{Hopper1975,
  title     = {The syntax of the simple sentence in {P}roto-{G}ermanic},
  publisher = {Mouton},
  year      = {1975},
  author    = {Hopper, Paul J.},
  address   = {The Hague},
}

@InCollection{Ivanov1958,
  author    = {Ivanov, Vjačeslav V.},
  title     = {The importance of new data concerning {H}ittite and {T}ocharian languages for the comparative historical grammar of {I}ndo-{E}uropean languages},
  booktitle = {Proceedings of the {E}ighth {I}nternational {C}ongress of {L}inguists},
  publisher = {Oslo University Press},
  year      = {1958},
  editor    = {Sivertsen, Eva},
  address   = {Oslo},
  pages     = {611--614},
}

@Book{JamisonBrereton2014,
  series = {South {A}sia {R}esearch},
  title     = {The {R}igveda},
  publisher = {Oxford University Press},
  year      = {2014},
  author    = {Jamison, Stephanie W. and Joel P. Brereton},
  edition   = {1},
  volume    = {1},
  address   = {Oxford},
}

@Article{Janse1994,
  author  = {Janse, Mark},
  title   = {Clitics and word order since {W}ackernagel: one hundred years of research into clitics and related phenomena},
  journal = {Orbis},
  year    = {1994},
  volume  = {37},
  pages   = {389--410},
  comment = {pdf},
}

@Book{Kaiser2002,
  title     = {Verbstellung und {V}erbstellungswandel in den romanischen {S}prachen},
  publisher = {Max Niemeyer},
  year      = {2002},
  author    = {Kaiser, Georg},
  address   = {Tübingen},
}

@InProceedings{Kaisse1982,
  author    = {Kaisse, Ellen M.},
  title     = {Sentential clitics and {W}ackernagel's law},
  booktitle = {Proceedings of the {F}irst {W}est {C}oast {C}onference on {F}ormal {L}inguistics},
  year      = {1982},
  pages     = {1--14},
}

@Book{Kaisse1985,
  title     = {Connected speech: the interaction of syntax and phonology},
  publisher = {Academic Press},
  year      = {1985},
  author    = {Kaisse, Ellen M.},
  address   = {London},
}

@Book{Kayne1975,
  title     = {French syntax: the transformational cycle},
  publisher = {MIT Press},
  year      = {1975},
  author    = {Kayne, Richard S.},
  address   = {Cambridge, MA},
}

@Book{Kent1953,
  title     = {Old {P}ersian: Grammar, Texts, Lexicon},
  publisher = {American Oriental Society},
  year      = {1953},
  edition   = {2},
  editor    = {Kent, Roland G.},
  address   = {New Haven, CT},
}

@Article{Keydana2011,
  author  = {Keydana, Götz},
  title   = {Wackernagel in the language of the {R}igveda: a reassessment},
  journal = {Historische Sprachforschung},
  year    = {2011},
  volume  = {124},
  pages   = {106--133},
  comment = {pdf},
}

@InCollection{Kiparsky1995,
  author    = {Kiparsky, Paul},
  title     = {Indo-{E}uropean origins of {G}ermanic syntax},
  booktitle = {Clause structure and language change},
  publisher = {Oxford University Press},
  year      = {1995},
  editor    = {Battye, Adrian and Roberts, Ian},
  pages     = {140--169},
  address   = {Oxford},
}

@InCollection{Kiparsky2012,
  author    = {Kiparsky, Paul},
  title     = {Grammaticalization as optimization},
  booktitle = {Grammatical change: origins, nature, outcomes},
  publisher = {Oxford University Press},
  year      = {2012},
  editor    = {Jonas, Dianne and Whitman, John and Garrett, Andrew},
  pages     = {15--51},
  address   = {Oxford},
}

@Article{Klavans1979,
  author  = {Klavans, Judith L.},
  title   = {On clitics as words},
  journal = {Chicago Linguistics Society},
  year    = {1979},
  volume  = {15},
  pages   = {68--80},
}

@Book{Klavans1982,
  title     = {Some problems in a theory of clitics},
  publisher = {Indiana University Linguistics Club},
  year      = {1982},
  author    = {Klavans, Judith L.},
  address   = {Bloomington, IN},
}

@Article{Klavans1985,
  author  = {Klavans, Judith L.},
  title   = {The independence of syntax and phonology in cliticization},
  journal = {Language},
  year    = {1985},
  volume  = {61},
  issue   = {1},
  pages   = {95--120},
}

@Book{Klavans1995,
  title     = {On clitics and cliticization: {T}he Interaction of Morphology, Phonology, and Syntax},
  publisher = {Garland},
  year      = {1995},
  author    = {Klavans, Judith L.},
  address   = {New York, NY},
}

@InCollection{Krisch1990,
  author    = {Krisch, Thomas},
  title     = {Das {W}ackernagelsche {G}esetz aus heutiger {S}icht},
  pages     = {64--81},
  crossref  = {EichnerRix1990},
}

@Article{Kuhn1933,
  author    = {Kuhn, Hans},
  journal   = {Beiträge zur Geschichte der deutschen Sprache und Literatur},
  pages     = {1--109},
  title     = {Zur {W}ortstellung und -betonung im {A}ltgermanischen},
  volume    = {57},
  year      = {1933},
}

@InCollection{Kurylowicz1958,
  author    = {Kuryłowicz, Jerzy},
  title     = {Remarks on {I}vanov},
  booktitle = {Proceedings of the {E}ighth {I}nternational {C}ongress of {L}inguists},
  publisher = {Oslo University Press},
  year      = {1958},
  editor    = {Sivertsen, Eva},
  address   = {Oslo},
  pages     = {613},
}

@Article{Kurylowicz1965,
  author    = {Kuryłowicz, Jerzy},
  journal   = {Diogenes},
  pages     = {55--71},
  title     = {The evolution of grammatical categories},
  volume    = {13},
  issue     = {51},
  year      = {1965},
  comment   = {pdf},
}

@Book{Langslow2009,
  title     = {Jacob {W}ackernagel, lectures on syntax, with special reference to {G}reek, {L}atin, and {G}ermanic},
  year      = {2009},
  editor    = {Langslow, David},
  address   = {Oxford},
  publisher = {Oxford University Press},
}

@Book{Ledgeway2012,
  title     = {From {L}atin to {R}omance: morphosyntactic typology and change},
  publisher = {Oxford University Press},
  year      = {2012},
  author    = {Ledgeway, Adam},
  address   = {Oxford},
}

@PhdThesis{Legate2002,
  author  = {Legate, Julie Anne},
  title   = {Warlpiri: theoretical implications},
  school  = {MIT},
  year    = {2002},
}

@Article{Legate2008,
  author  = {Legate, Julie Anne},
  title   = {Warlpiri and the theory of second position clitics},
  journal = {Natural Language and Linguistic Theory},
  year    = {2008},
  volume  = {26},
  issue   = {1},
  pages   = {3--60},
  comment = {pdf},
}

@Book{Lehmann2015,
  title     = {Thoughts on grammaticalization},
  publisher = {Language Science Press},
  year      = {2015},
  author    = {Lehmann, Christian},
  edition   = {3},
  address   = {Berlin},
}

@Book{LobelPage1968,
  title     = {Poetarum lesbiorum fragmenta},
  publisher = {Clarendon},
  year      = {1968},
  editor    = {Lobel, Edgar and Page, Denys},
  edition   = {3},
  address   = {Oxford},
}

@Article{Lowe2014,
  author  = {Lowe, John},
  title   = {Accented clitics in the {Ṛ}gveda},
  journal = {Transactions of the Philological Society},
  year    = {2014},
  volume  = {112},
  issue   = {1},
  pages   = {5--43},
  comment = {pdf},
}

@InCollection{Luraghi1998,
  author    = {Luraghi, Sylvia},
  title     = {The grammaticalization of the left sentence periphery in {H}ittite},
  booktitle = {The limits of grammaticalization},
  publisher = {John Benjamins},
  year      = {1998},
  editor    = {Giacalone Ramat, Anna and Hopper, Paul},
  pages     = {189--210},
  address   = {Amsterdam},
}

@Book{Marouzeau1907,
  title     = {Place du pronom personnel sujet en latin},
  publisher = {Honoré Champion},
  year      = {1907},
  author    = {Marouzeau, Jules},
  address   = {Paris},
}

@Book{Marouzeau1953,
  title     = {L'ordre des mots en latin: volume complémentaire},
  publisher = {Les Belles Lettres},
  year      = {1953},
  author    = {Marouzeau, Jules},
  address   = {Paris},
}

@Book{Marshall1987,
  title     = {Verbs, nouns, and postpositives in {A}ttic prose},
  publisher = {Scottish Academic Press},
  year      = {1987},
  author    = {Marshall, Marlene H. B.},
  address   = {Edinburgh},
}

@Book{Matthews1974,
  title     = {Morphology: an introduction to the theory of word-structure},
  publisher = {Cambridge University Press},
  year      = {1974},
  author    = {Matthews, Peter H.},
  edition   = {1},
  address   = {Cambridge},
}

@Article{Meillet1912,
  author  = {Meillet, Antoine},
  title   = {L'évolution des formes grammaticales},
  journal = {Scientia (Rivista di Scienza)},
  year    = {1912},
  volume  = {12},
  issue   = {26},
  pages   = {384--400},
}

@Article{Migdalski2010,
  author    = {Migdalski, Krzysztof},
  journal   = {Lingua},
  pages     = {329--353},
  title     = {On the relation between {V2} and the second position cliticization},
  volume    = {120},
  issue     = {2},
  year      = {2010},
}

@InCollection{Migdalski2012,
  author    = {Migdalski, Krzysztof},
  title     = {Against a uniform treatment of second position effects as force markers},
  booktitle = {Main clause phenomena: new horizons},
  publisher = {John Benjamins},
  year      = {2012},
  editor    = {Aelbrecht, Lobke and Haegeman, Liliane and Nye, Rachel},
  pages     = {345--364},
  address   = {Amsterdam},
}

@Book{Migdalski2016,
  title     = {Second position effects in the syntax of {G}ermanic and {S}lavic languages},
  publisher = {Wydawnictwo Uniwersytetu Wrocławskiego},
  year      = {2016},
  author    = {Migdalski, Krzysztof},
  address   = {Wrocław},
}

@Article{Mines2002,
  author  = {Mines, Rachel},
  title   = {An examination of {K}uhn's second law and its validity as a metrical-syntactical rule},
  journal = {Studies in Philology},
  year    = {2002},
  volume  = {99},
  issue   = {4},
  pages   = {337--355},
  comment = {pdf},
}

@Book{Momma1997,
  title = {The composition of {O}ld {E}nglish poetry},
  publisher = {Cambridge University Press},
  year = {1997},
  author = {Momma, Haruko},
  address = {Cambridge},
}

@Book{NesporVogel1986,
  title     = {Prosodic phonology},
  publisher = {Foris},
  year      = {1986},
  author    = {Nespor, Marina and Vogel, Irene},
  address   = {Dordrecht},
}

@InCollection{NevisJoseph1993,
  author    = {Nevis, Joel A. and Joseph, Brian D.},
  title     = {Wackernagel affixes: evidence from {B}alto-{S}lavic},
  booktitle = {Yearbook of {M}orphology 1992},
  publisher = {Kluwer},
  year      = {1993},
  editor    = {Booij, Geert and van Marle, Jaap},
  pages     = {93--111},
  address   = {Dordrecht},
}

@Book{NevisEtal1994,
  title     = {Clitics: a comprehensive bibliography 1892--1991},
  publisher = {John Benjamins},
  year      = {1994},
  author    = {Nevis, Joel A. and Joseph, Brian D. and Wanner, Dieter and Zwicky, Arnold M.},
  address   = {Amsterdam},
}

@Book{Nida1946,
  title     = {Morphology: the descriptive analysis of words},
  publisher = {University of Michigan Press},
  year      = {1946},
  author    = {Nida, Eugene A.},
  address   = {Ann Arbor, MI},
}

@Article{Nilsson1904,
  author  = {Nilsson, Elof},
  title   = {Wackernagel's gesetz im {S}lavischen},
  journal = {Zeitschrift für vergleichende Sprachforschung auf dem Gebiete der Indogermanischen Sprachen},
  year    = {1904},
  volume  = {37},
  issue   = {2},
  pages   = {261--264},
  comment = {pdf},
}

@Article{Norde2001,
  author  = {Norde, Muriel},
  title   = {Deflexion as a counterdirectional factor in grammatical change},
  journal = {Language Sciences},
  year    = {2001},
  volume  = {23},
  issue   = {2--3},
  pages   = {231--264},
}

@InCollection{Norde2010,
  author    = {Norde, Muriel},
  title     = {Degrammaticalization: three common controversies},
  booktitle = {Grammaticalization: current views and issues},
  publisher = {John Benjamins},
  year      = {2010},
  editor    = {Stathi, Katerina and Gehweiler, Elke and König, Ekkehard},
  pages     = {123--150},
  address   = {Amsterdam},
}

@Book{OsthoffBrugmann1878,
  title     = {Morphologische {U}ntersuchungen auf dem {G}ebiete der indogermanischen {S}prachen},
  publisher = {Hirzel},
  year      = {1878},
  volume    = {1},
  author    = {Osthoff, Hermann and Brugmann, Karl},
  address   = {Leipzig},
}

@Article{Pancheva2005, 
	Author = {Pancheva, Roumyana},
	Year = {2005},
	Title = {The Rise and Fall of Second-Position Clitics},
	Journal = {Natural Language and Linguistic Theory},
	Volume = {23},
	Pages = {103--167}, 
}

@InCollection{Plank1995,
  author    = {Plank, Frans},
  title     = {Entgrammatikalisierung -- {S}piegelbild der {G}rammatikalisierung?},
  booktitle = {Natürlichkeitstheorie und {S}prachwandel: {B}eiträge zum {I}nternationalen {S}ymposium über ``Natürlichkeitstheorie und Sprachwandel'' an der {U}niversität {M}aribor vom 13.5.--15.5.1993 = {T}eorija naravnosti in jezikovno spreminjanje},
  publisher = {Brockmeyer},
  year      = {1995},
  editor    = {Boretzky, Norbert and Bittner, Andreas},
  pages     = {199-219},
  address   = {Bochum},
}

@InCollection{Progovac1996,
  author    = {Progovac, Ljiljana},
  title     = {Clitics in {S}erbian/{C}roatian: {C}omp as the Second Position},
  crossref  = {HalpernZwicky1996},
  pages     = {411--428},
}

@InCollection{Progovac2000,
  author    = {Progovac, Ljiljana},
  title     = {Where do clitics cluster?},
  crossref  = {BeukemaDenDikken2000},
  pages     = {249--258},
}

@PhdThesis{RadanovicKocic1988,
  author  = {Radanović-Kocić, Vesna},
  title   = {The Grammar of {S}erbo-{C}roatian Clitics: a Synchronic and Diachronic Perspective},
  school  = {University of Illinois at Urbana-Champaign},
  year    = {1988},
}

@InCollection{RadanovicKocic1996,
  author    = {Radanović-Kocić, Vesna},
  title     = {Placement of {S}erbo-{C}roatian Clitics: a Prosodic Approach},
  crossref  = {HalpernZwicky1996},
  pages     = {429--445},
}

@Book{Ries1894,
  title     = {Was ist {S}yntax? {E}in kritischer {V}ersuch},
  publisher = {N. G. Elwert'sche Buchhandlung},
  year      = {1894},
  author    = {Ries, John},
  address   = {Marburg},
}

@Book{Ries1907,
  title     = {Die {W}ortstellung im {B}eowulf},
  publisher = {Max Niemeyer},
  year      = {1907},
  author    = {Ries, John},
  address   = {Halle},
}

@Article{Rivero1986,
  author  = {Rivero, María-Luisa},
  title   = {Parameters in the Typology of Clitics in {R}omance and {O}ld {S}panish},
  journal = {Language},
  year    = {1986},
  volume  = {62},
  issue   = {4},
  pages   = {774--807},
}

@Book{Rizzi1982,
  title = {Issues in {I}talian syntax},
  publisher = {Foris},
  year = {1982},
  author = {Rizzi, Luigi},
  address = {Dordrecht},
}

@Book{Roberts1997,
  title     = {Comparative syntax},
  publisher = {Arnold},
  year      = {1997},
  author    = {Roberts, Ian},
  address   = {London},
}

@Book{Roberts2010,
  title     = {Agreement and head movement: clitics, incorporation and defective goals},
  publisher = {MIT Press},
  year      = {2010},
  author    = {Roberts, Ian},
  address   = {Cambridge, MA},
  comment   = {pdf},
}

@InCollection{Ruijgh1990,
  author    = {Ruijgh, Cornelis J.},
  title     = {La place des enclitiques dans l'ordre des mots chez {H}omère d'après la loi de {W}ackernagel},
  pages     = {213--233},
  crossref  = {EichnerRix1990},
}

@Book{SalvesenHelland2013,
  title     = {Challenging clitics},
  publisher = {John Benjamins},
  year      = {2013},
  editor    = {Salvesen, Christine Meklenborg and Helland, Hans Petter},
  address   = {Amsterdam},
}

@Book{Scheppers2011,
  title     = {The colon hypothesis: word order, discourse segmentation and discourse coherence in {A}ncient {G}reek},
  publisher = {Brussels University Press},
  year      = {2011},
  author    = {Scheppers, Frank},
  address   = {Brussels},
}

@PhdThesis{Schiering2006,
  author  = {Schiering, René},
  title   = {Cliticization and the Evolution of Morphology: a Cross-linguistic Study on Phonology in Grammaticalization},
  school  = {Universität Konstanz},
  year    = {2006},
}

@InCollection{Schiering2010,
  author    = {Schiering, René},
  title     = {Reconsidering erosion in grammaticalization: evidence from cliticization},
  booktitle = {Grammaticalization: current views and issues},
  publisher = {John Benjamins},
  year      = {2010},
  editor    = {Stathi, Katerina and Gehweiler, Elke and König, Ekkehard},
  pages     = {73--100},
  address   = {Amsterdam},
}

@InCollection{Schlerath1990,
  author    = {Schlerath, Bernfried},
  title     = {Jacob {W}ackernagel und die indogermanische {S}prachwissenschaft},
  pages     = {10--32},
  crossref  = {EichnerRix1990},
}

@InCollection{Schmitt1990,
  author    = {Schmitt, Rüdiger},
  title     = {Jacob {W}ackernagel},
  pages     = {479--488},
  year      = {1990},
  booktitle = {Classical Scholarship: a Biographical Encyclopedia},
  publisher = {Garland},
  editor    = {Briggs, Ward W. and Calder, William M.},
  address   = {New York},
}

@Book{Schmitt1991,
  title     = {The {B}isitun Inscriptions of {D}arius the {G}reat: {O}ld {P}ersian text},
  publisher = {SOAS},
  year      = {1991},
  editor    = {Schmitt, Rüdiger},
  address   = {London},
  series    = {Corpus Inscriptionum Iranicarum},
  volume    = {I.1.1},
}

@Article{Schuetze1994,
  author  = {Schütze, Carson T.},
  title   = {Serbo-{C}roatian Second Position Clitic Placement
and the Phonology-Syntax Interface},
  journal = {MIT Working Papers in Linguistics},
  year    = {1994},
  volume  = {21},
  pages   = {373--473},
}

@Article{Schwyzer1938,
  author  = {Schwyzer, Eduard},
  title   = {Jacob {W}ackernagel},
  journal = {Forschungen und Fortschritte},
  year    = {1938},
  volume  = {14},
  pages   = {227--228},
}

@Book{Selkirk1984,
  title     = {Phonology and syntax: the relation between sound and structure},
  publisher = {MIT Press},
  year      = {1984},
  author    = {Selkirk, Elizabeth},
  address   = {Cambridge, MA},
}

@Article{Selkirk1986,
  author  = {Selkirk, Elizabeth},
  title   = {On derived domains in sentence phonology},
  journal = {Phonology Yearbook},
  year    = {1986},
  volume  = {3},
  pages   = {371--405},
}

@InProceedings{Smith2013,
  author    = {Smith, Peter W.},
  title     = {On the cross-linguistic rarity of endoclisis},
  booktitle = {Proceedings of {B}erkeley {L}inguistics {S}ociety 39},
  year      = {2013},
  pages     = {227--244},
}

@Book{SpencerLuis2012,
  title     = {Clitics: an introduction},
  publisher = {Cambridge University Press},
  year      = {2012},
  author    = {Spencer, Andrew and Luís, Ana R.},
  address   = {Cambridge},
}

@InCollection{Steele1975,
  author    = {Steele, Susan M.},
  title     = {On some factors that affect and effect word order},
  booktitle = {Word order and word order change},
  publisher = {University of Texas Press},
  year      = {1975},
  editor    = {Li, Charles N.},
  pages     = {197--268},
  address   = {Austin, TX},
}

@InCollection{Steele1977,
  author    = {Steele, Susan M.},
  title     = {Clisis and diachrony},
  booktitle = {Mechanisms of syntactic change},
  publisher = {University of Texas Press},
  year      = {1977},
  editor    = {Li, Charles N.},
  pages     = {539--579},
  address   = {Austin, TX},
}

@PhdThesis{Taylor1990,
  author  = {Taylor, Ann},
  title   = {Clitics and configurationality in {A}ncient {G}reek},
  school  = {University of Pennsylvania},
  year    = {1990},
}

@InCollection{Taylor1996,
  author    = {Taylor, Ann},
  title     = {A prosodic account of clitic position in ancient {G}reek},
  crossref  = {HalpernZwicky1996},
  pages     = {478--503},
}

@Article{Thurneysen1892,
  author  = {Thurneysen, Rudolf},
  title   = {Zur {S}tellung des {V}erbums im {A}ltfranzösischen},
  journal = {Zeitschrift für romanische Philologie},
  year    = {1892},
  volume  = {16},
  pages   = {289--307},
  comment = {pdf},
}

@Article{Tomic1996,
  author  = {Tomić, Olga Mišeška},
  title   = {The {B}alkan {S}lavic Clausal Clitics},
  journal = {Natural Language and Linguistic Theory},
  year    = {1996},
  volume  = {14},
  issue   = {4},
  pages   = {811--872},
}

@InCollection{Tomic2000,
  author    = {Tomić, Olga Mišeška},
  title     = {On clitic sites},
  crossref  = {BeukemaDenDikken2000},
  pages     = {293--316},
}

@Article{Vendryes1912,
  author  = {Vendryes, Joseph},
  title   = {La place du verbe en celtique},
  journal = {Mémoires de la Société de Linguistique de Paris},
  year    = {1912},
  volume  = {17},
  pages   = {337--351},
}

@Article{Wackernagel1892,
  author  = {Wackernagel, Jacob},
  title   = {Über ein {G}esetz der indogermanischen {W}ortstellung},
  journal = {Indogermanische {F}orschungen},
  year    = {1892},
  volume  = {1},
  issue   = {1},
  pages   = {333--436},
  comment = {pdf},
}

@Book{Wackernagel1896,
  series    = {Altindische {G}rammatik},
  title     = {Lautlehre},
  year      = {1896},
  volume    = {1},
  author    = {Wackernagel, Jacob},
  address   = {Göttingen},
  publisher = {Vandenhoeck \& Ruprecht},
  comment   = {https://digi20.digitale-sammlungen.de/en/fs2/object/display/bsb00064551\_00001.html},
}

@Book{Wackernagel1905,
  series    = {Altindische {G}rammatik},
  title     = {Einleitung zur {W}ortlehre; {N}ominalkomposition},
  year      = {1905},
  volume    = {2, part 1},
  author    = {Wackernagel, Jacob},
  address   = {Göttingen},
  publisher = {Vandenhoeck \& Ruprecht},
  comment   = {https://digi20.digitale-sammlungen.de/en/fs2/object/display/bsb00064551\_00001.html},
}

@Book{Wackernagel1912,
  title     = {Über einige antike Anredeformen},
  year      = {1912},
  author    = {Wackernagel, Jacob},
  address   = {Göttingen},
  publisher = {Dieterich},
  comment   = {http://mdz-nbn-resolving.de/urn:nbn:de:bvb:12-bsb11168342-5},
}

@Book{Wackernagel1916,
  title     = {Sprachliche {U}ntersuchungen zu {H}omer},
  year      = {1916},
  author    = {Wackernagel, Jacob},
  address   = {Göttingen},
  publisher = {Vandenhoeck \& Ruprecht},
}

@Book{Wackernagel1920,
  title     = {Vorlesungen über {S}yntax, mit besonderer {B}erücksichtigung von {G}riechisch, {L}ateinisch und {D}eutsch},
  year      = {1920},
  volume    = {1},
  author    = {Wackernagel, Jacob},
  address   = {Basel},
  publisher = {Birkhäuser},
}

@Book{Wackernagel1924,
  title     = {Vorlesungen über {S}yntax, mit besonderer {B}erücksichtigung von {G}riechisch, {L}ateinisch und {D}eutsch},
  year      = {1924},
  volume    = {2},
  author    = {Wackernagel, Jacob},
  address   = {Basel},
  publisher = {Birkhäuser},
}

@PhdThesis{Walkden2012,
  author    = {Walkden, George},
  title     = {Syntactic Reconstruction and {P}roto-{G}ermanic},
  school    = {University of Cambridge},
  year      = {2012},
  comment   = {author},
}

@Book{Walkden2014book,
  title     = {Syntactic reconstruction and {P}roto-{G}ermanic},
  publisher = {Oxford University Press},
  year      = {2014},
  author    = {Walkden, George},
  address   = {Oxford},
  comment   = {author},
}

@InCollection{Walkden2015,
  author    = {Walkden, George},
  title     = {Verb-third in early {W}est {G}ermanic: a comparative perspective},
  booktitle = {Syntax over time: lexical, morphological, and information-structural interactions},
  publisher = {Oxford University Press},
  year      = {2015},
  editor    = {Biberauer, Theresa and Walkden, George},
  pages     = {236--248},
  address   = {Oxford},
  comment   = {author},
}

@Article{Walkden2017,
  author  = {Walkden, George},
  title   = {Language contact and {V}3 in {G}ermanic varieties new and old},
  journal = {Journal of Comparative Germanic Linguistics},
  year    = {2017},
  volume  = {20},
  number  = {1},
  pages   = {49--81},
  comment = {author},
}

@Book{Wanner1987,
  title     = {The Development of {R}omance Clitic Pronouns},
  year      = {1987},
  author    = {Wanner, Dieter},
  address   = {Berlin},
  publisher = {Walter de Gruyter},
}

@Article{Watkins1963,
  author  = {Watkins, Calvert},
  title   = {Preliminaries to a historical and comparative reconstruction of the {O}ld {I}rish verb},
  journal = {Celtica},
  year    = {1963},
  volume  = {6},
  pages   = {1--49},
}

@InCollection{Watkins1964,
  author    = {Watkins, Calvert},
  title     = {Preliminaries to the reconstruction of {I}ndo-{E}uropean sentence structure},
  booktitle = {Proceedings of the {N}inth {I}nternational {C}ongress of {L}inguists},
  publisher = {Mouton},
  year      = {1964},
  editor    = {Lunt, Horace G.},
  address   = {The Hague},
  pages     = {1035--1045},
}

@Book{Wolfe2018,
  title     = {Verb second in medieval {R}omance},
  publisher = {Oxford University Press},
  year      = {2018},
  author    = {Wolfe, Sam},
  address   = {Oxford},
}

@Book{Wundt1874,
  title     = {Grundzüge der physiologischen {P}sychologie},
  publisher = {Engelmann},
  year      = {1874},
  author    = {Wundt, Wilhelm},
  address   = {Leipzig},
  comment   = {http://psychologie.biphaps.uni-leipzig.de/wundt/opera/wundt/GrundPsy/GphyPsIn.htm},
}

@Book{Zwicky1977,
  title     = {On clitics},
  publisher = {Indiana University Linguistics Club},
  year      = {1977},
  author    = {Zwicky, Arnold M.},
  address   = {Bloomington, IN},
}

@Article{Zwicky1985,
  author  = {Zwicky, Arnold M.},
  title   = {Clitics and particles},
  journal = {Language},
  year    = {1985},
  volume  = {61},
  issue   = {2},
  pages   = {283--305},
}

@Article{ZwickyPullum1983,
  author  = {Zwicky, Arnold M. and Pullum, Geoffrey},
  title   = {Cliticization vs. inflection: {E}nglish \emph{n't}},
  journal = {Language},
  year    = {1983},
  volume  = {59},
  issue   = {3},
  pages   = {502--513},
}